4959 6367
85 15 585 70 Wr”'¹'
651 16 698 38 ““·
742 25 843 52 ¹'
907 16 933 36 '‘

94 73 108 84 ν
137 69 157 79 ·’
278 57 291 72 .
338 69 351 80 ⁸

1576 1580 2554 1696 CORALLINEAE.

695 1920 881 1993 Post
917 1920 1185 1994 editum
1223 1921 1486 1995 librum
1527 1934 1847 1997 nostrum
1886 1922 1976 1998 de
2015 1925 2337 2023 Phyeeis
2374 1924 2930 2000 Scandinavicis
2957 1930 3027 2019 ¹),
3064 1922 3157 1997 ad
3197 1947 3366 2003 oras
3402 1940 3697 2005 nostras

421 2037 730 2112 detectae
783 2047 954 2111 sunt
1007 2039 1223 2133 hujus
1275 2038 1552 2114 ordinis
1609 2041 1970 2115 nonnullae
2023 2042 2346 2138 species,
2422 2068 2606 2139 quas
2661 2044 2778 2117 hic
2832 2041 3151 2116 breviter
3205 2045 3567 2141 attingere
3622 2047 3693 2119 in

421 2157 661 2230 animo
744 2164 878 2234 est.
987 2155 1196 2248 Quas
1273 2179 1446 2231 vero
1514 2158 1805 2253 plantas
1872 2181 2033 2232 cum
2103 2158 2323 2253 longe
2401 2162 2638 2235 minus
2693 2183 2907 2255 quam
2969 2161 3291 2256 reliquas
3346 2162 3560 2257 algas
3617 2163 3691 2234 in

420 2283 675 2347 natura
729 2271 1192 2347 examinandi
1245 2274 1456 2348 nobis
1511 2274 1683 2348 data
1734 2276 1948 2350 fuerit
2000 2278 2323 2368 occasio,
2381 2277 2723 2351 lectorem
2779 2287 3109 2372 rogatum
3165 2279 3438 2353 habere
3494 2281 3695 2354 volu-

420 2413 607 2474 mus,
661 2414 755 2464 ne
809 2400 1190 2487 exspectet
1240 2391 1430 2465 tales
1485 2394 1891 2490 specierum
1947 2394 2438 2487 characteres,
2496 2394 2754 2491 quales
2810 2417 2902 2467 ex
2955 2395 3288 2490 longiore
3326 2398 3397 2471 in
3435 2407 3695 2472 natura

419 2508 656 2583 studio
699 2508 1151 2584 solummodo
1191 2507 1418 2585 fluere
1473 2512 1778 2586 soleant.
1885 2512 2198 2607 Propter
2251 2522 2325 2585 et
2372 2513 2751 2608 penuriam
2807 2512 3281 2608 speciminum
3339 2524 3410 2589 et
3463 2539 3693 2611 angu-

419 2626 597 2699 stias
660 2628 1015 2723 temporis
1092 2628 1428 2727 analysin
1497 2630 1978 2704 anatomicam
2050 2630 2400 2705 omissam
2465 2633 2711 2705 facere
2777 2654 3029 2705 sumus
3094 2633 3366 2717 coacti,
3418 2635 3692 2708 formas

421 2767 665 2819 earum
725 2756 1068 2820 externas
1137 2754 1211 2819 et
1277 2747 1750 2842 proveniendi
1818 2747 2141 2838 modum,
2213 2747 2277 2821 si
2329 2748 2761 2844 poterimus,
2816 2750 3191 2848 paulisper
3245 2749 3693 2824 illustraturi.

1513 3047 2176 3137 MELOBESIA
2228 3050 2589 3138 Lamour.

680 3222 754 3305 a)
807 3218 1080 3303 Species
1126 3219 1440 3306 majores,
1489 3224 1824 3309 saxicolae3
1875 3232 2145 3291 stratum
2192 3225 2460 3292 inferius
2510 3245 2835 3309 crassum,
2882 3244 2919 3291 e
2967 3223 3345 3290 cellularum
3392 3224 3689 3290 seriebus

817 3322 1593 3408 adscendenti·arcuatis,
1656 3347 1739 3393 ex
1791 3347 2059 3412 quarum
2111 3328 2408 3413 apicibus
2468 3336 2740 3394 stratum
2800 3328 3105 3407 corticale
3165 3327 3493 3403 formatur,
3541 3346 3688 3393 con-

820 3433 1151 3491 structum.

427 3587 487 3656 1.
580 3580 1164 3657 MELOBESIA
1219 3582 1710 3660 Leuormandi
1765 3585 2068 3660 Aresch.
2123 3588 2195 3661 in
2248 3585 2324 3661 J.
2379 3586 2531 3682 Ag.
2585 3586 2712 3683 Sp.
2772 3611 2839 3659 v.
2892 3590 2960 3659 2.
2998 3610 3067 3682 p.
3108 3588 3278 3659 514.

1220 3700 1763 3800 Lithopliyllum
1801 3703 2292 3778 Leuormandi
2329 3703 2691 3779 Rosanoff
2717 3703 3109 3778 Memoires
3138 3702 3228 3776 de
3258 3700 3692 3798 Cherbourg

1223 3842 1284 3895 v
1333 3819 1598 3917 X11p
1656 3824 1752 3894 85
1807 3818 2748 3905 nV.f.1ss-17tv1f
2793 3824 3199 3896 1—3et5

723 3953 840 4028 Ad
923 3976 1123 4028 oram
1203 3953 1734 4031 Bahusiensem
1805 3958 2136 4053 vulgaris
2190 3956 2307 4030 vel
2361 3947 2600 4053 potius
2669 3980 2811 4032 non
2881 3979 3050 4029 rara
3100 3954 3425 4052 species,
3484 3953 3688 4028 saxis

420 4074 928 4171 lapidibusque
996 4095 1211 4147 unum
1263 4072 1314 4146 l.
1371 4073 1682 4170 quinque
1748 4074 1978 4172 pedes
2031 4076 2167 4149 sub
2222 4099 2414 4171 aqua
2465 4074 2823 4150 demersis
2877 4073 3170 4147 adnata.
3275 4070 3393 4146 Ad
3451 4069 3688 4147 Greb-

418 4192 674 4269 bestad
738 4214 967 4289 prope
1033 4202 1352 4289 portum,
1417 4192 1542 4265 ubi
1604 4192 2117 4288 copiosissima
2180 4200 2252 4265 et
2312 4191 2818 4289 pulcherrima,
2876 4214 2922 4265 a
2973 4189 3185 4265 nobis
3247 4191 3439 4263 1859
3496 4187 3689 4262 lecta

421 4323 488 4387 et
538 4312 807 4387 deiude
861 4310 953 4383 ab
1007 4309 1173 4383 aliis
1224 4308 1298 4382 in
1355 4308 1596 4383 multis
1651 4311 1833 4385 locis
1885 4312 2200 4384 inventa.
2295 4311 2453 4385 Per
2505 4317 2728 4384 totam
2766 4308 3166 4403 Norvegiae
3200 4330 3441 4392 oram,
3494 4306 3687 4402 quod

420 4428 817 4526 opinamur,
875 4427 1170 4502 minime
1226 4426 1702 4501 desideratur.

720 4543 1357 4641 Descriptionibus
1427 4543 1617 4619 datis
1686 4543 1786 4618 nil
1838 4546 1994 4618 fere
2044 4543 2459 4647 ⁸addendum
2517 4545 2889 4620 habemus.
2995 4542 3193 4617 Tota
3241 4540 3519 4638 pagiua
3571 4541 3688 4616 iu-

420 4664 662 4739 feriori
718 4663 1018 4748 adnata,
1068 4684 1324 4737 recens
1375 4662 1640 4737 coloris
1691 4664 2316 4757 purpurascentis,
2354 4661 2427 4734 in
2466 4671 2637 4736 aere
2675 4660 2817 4736 cito
2856 4658 3316 4735 albescentis.
3419 4657 3691 4735 Crusta

421 4781 537 4854 vix
588 4780 1077 4856 millimetrum
1137 4802 1430 4870 crassa,
1486 4779 1907 4855 normaliter
1958 4789 2032 4853 et
2083 4780 2156 4853 in
2209 4779 2441 4874 primo
2492 4779 2926 4854 evolutionis
2980 4777 3220 4852 stadio
3259 4774 3691 4852 orbicularis

421 4908 491 4972 et
541 4897 894 4974 diametro
949 4920 1180 4994 usque
1235 4897 1866 4995 5—6-pollicaris.
1962 4898 2398 4993 Plerumque
2436 4906 2674 4972 autem
2713 4897 2961 4995 plures
2998 4892 3364 4971 confluunt
3392 4901 3691 4979 crustae,

685 5158 726 5237 ¹)
791 5153 960 5219 Acta
1023 5151 1186 5237 Ups.
1254 5153 1396 5219 Ser.
1465 5152 1656 5219 Ilzdae
1721 5152 1902 5217 Tom.
1959 5151 2122 5218 XIII
2169 5174 2231 5238 p.
2292 5153 2421 5218 223
2479 5159 2546 5218 et
2599 5153 2784 5219 Tom.
2831 5151 2987 5218 XIV
3034 5171 3094 5237 p.
3140 5150 3288 5215 385.
3379 5146 3689 5215 Seorsum

422 5274 648 5322 recusa
692 5256 812 5321 sub
859 5254 1042 5319 titulo
1090 5257 1276 5339 Playo.
1323 5258 1530 5320 mand.
1577 5258 1852 5320 ’nav-ime.

623 5374 776 5430 Nova
810 5376 946 5429 Acta
979 5372 1113 5446 Beg-
1152 5371 1268 5428 Soc.
1303 5371 1388 5427 Sc.
1424 5370 1551 5442 Ups.
1588 5370 1704 5427 Ser.
1740 5370 1840 5426 111.
3460 5366 3492 5420 1
