<?xml version="1.0" encoding="UTF-8"?>
<!DOCTYPE html PUBLIC "-//W3C//DTD XHTML 1.0 Transitional//EN"
    "http://www.w3.org/TR/xhtml1/DTD/xhtml1-transitional.dtd">
<html xmlns="http://www.w3.org/1999/xhtml" xml:lang="en" lang="en">
 <head>
  <title>
</title>
<meta http-equiv="Content-Type" content="text/html;charset=utf-8" />
  <meta name='ocr-system' content='tesseract 3.04.00' />
  <meta name='ocr-capabilities' content='ocr_page ocr_carea ocr_par ocr_line ocrx_word'/>
</head>
<body>
  <div class='ocr_page' id='page_1' title='image "./novaactaregiaes01uppsgoog_0019.png"; bbox 0 0 4959 6367; ppageno 0'>
   <div class='ocr_carea' id='block_1_1' title="bbox 1463 548 3641 627">
    <p class='ocr_par' dir='ltr' id='par_1_1' title="bbox 1463 548 3641 627">
     <span class='ocr_line' id='line_1_1' title="bbox 1463 548 3641 627; baseline -0 0"><span class='ocrx_word' id='word_1_1' title='bbox 1463 548 2103 627; x_wconf 70' lang='lat' dir='ltr'>osssnnvmousss</span> <span class='ocrx_word' id='word_1_2' title='bbox 2154 548 2743 626; x_wconf 72' lang='lat' dir='ltr'>PnYoommoAE.</span> <span class='ocrx_word' id='word_1_3' title='bbox 3595 557 3641 626; x_wconf 84' lang='lat'>5</span> 
     </span>
    </p>
   </div>
   <div class='ocr_carea' id='block_1_2' title="bbox 471 736 3745 2270">
    <p class='ocr_par' dir='ltr' id='par_1_2' title="bbox 474 736 3745 1795">
     <span class='ocr_line' id='line_1_2' title="bbox 780 736 3743 852; baseline 0.001 -26"><span class='ocrx_word' id='word_1_4' title='bbox 780 752 1052 827; x_wconf 87' lang='lat' dir='ltr'>Forma</span> <span class='ocrx_word' id='word_1_5' title='bbox 1084 752 1512 829; x_wconf 80' lang='lat' dir='ltr'>Melobesiae</span> <span class='ocrx_word' id='word_1_6' title='bbox 1544 753 1924 846; x_wconf 78' lang='lat' dir='ltr'>calcareas,</span> <span class='ocrx_word' id='word_1_7' title='bbox 1964 776 2180 850; x_wconf 87' lang='lat' dir='ltr'><strong>qnam</strong></span> <span class='ocrx_word' id='word_1_8' title='bbox 2204 736 2652 852; x_wconf 50' lang='lat' dir='ltr'>&#39;depinxitet</span> <span class='ocrx_word' id='word_1_9' title='bbox 2682 753 3071 851; x_wconf 74' lang='lat' dir='ltr'>descripsit</span> <span class='ocrx_word' id='word_1_10' title='bbox 3095 752 3395 851; x_wconf 88' lang='lat' dir='ltr'>Harvey</span> <span class='ocrx_word' id='word_1_11' title='bbox 3413 752 3743 852; x_wconf 86' lang='lat' dir='ltr'>(Phycol.</span> 
     </span>
     <span class='ocr_line' id='line_1_3' title="bbox 475 868 3745 970; baseline 0.002 -26"><span class='ocrx_word' id='word_1_12' title='bbox 475 869 648 945; x_wconf 84' lang='lat' dir='ltr'><strong>Brit.</strong></span> <span class='ocrx_word' id='word_1_13' title='bbox 729 871 874 944; x_wconf 87' lang='lat' dir='ltr'>tab.</span> <span class='ocrx_word' id='word_1_14' title='bbox 956 868 1327 966; x_wconf 78' lang='lat' dir='ltr'>OCXCI),</span> <span class='ocrx_word' id='word_1_15' title='bbox 1412 882 1525 947; x_wconf 90' lang='lat' dir='ltr'>est</span> <span class='ocrx_word' id='word_1_16' title='bbox 1597 873 1846 947; x_wconf 85' lang='lat' dir='ltr'>forsan</span> <span class='ocrx_word' id='word_1_17' title='bbox 1936 872 2254 947; x_wconf 78' lang='lat' dir='ltr'>maxima</span> <span class='ocrx_word' id='word_1_18' title='bbox 2321 881 2394 947; x_wconf 89' lang='lat' dir='ltr'>et</span> <span class='ocrx_word' id='word_1_19' title='bbox 2471 895 2919 970; x_wconf 82' lang='lat' dir='ltr'>magnopere</span> <span class='ocrx_word' id='word_1_20' title='bbox 3008 873 3328 958; x_wconf 88' lang='lat' dir='ltr'>evoluta,</span> <span class='ocrx_word' id='word_1_21' title='bbox 3396 899 3442 948; x_wconf 87' lang='lat' dir='ltr'>a</span> <span class='ocrx_word' id='word_1_22' title='bbox 3496 884 3745 949; x_wconf 88' lang='lat' dir='ltr'>nostra</span> 
     </span>
     <span class='ocr_line' id='line_1_4' title="bbox 477 987 3740 1088; baseline 0.002 -28"><span class='ocrx_word' id='word_1_23' title='bbox 477 987 692 1062; x_wconf 83' lang='lat' dir='ltr'>valde</span> <span class='ocrx_word' id='word_1_24' title='bbox 754 988 1177 1064; x_wconf 80' lang='lat' dir='ltr'><strong>abhorrens.</strong></span> <span class='ocrx_word' id='word_1_25' title='bbox 1257 991 1340 1064; x_wconf 91' lang='lat' dir='ltr'>In</span> <span class='ocrx_word' id='word_1_26' title='bbox 1394 989 1616 1065; x_wconf 87' lang='lat' dir='ltr'>fundo</span> <span class='ocrx_word' id='word_1_27' title='bbox 1670 990 1901 1065; x_wconf 88' lang='lat' dir='ltr'>libere</span> <span class='ocrx_word' id='word_1_28' title='bbox 1943 991 2208 1086; x_wconf 85' lang='lat' dir='ltr'>jacens</span> <span class='ocrx_word' id='word_1_29' title='bbox 2244 999 2475 1065; x_wconf 87' lang='lat' dir='ltr'>strata</span> <span class='ocrx_word' id='word_1_30' title='bbox 2517 990 3078 1088; x_wconf 86' lang='lat' dir='ltr'>superimposita</span> <span class='ocrx_word' id='word_1_31' title='bbox 3103 992 3400 1076; x_wconf 85' lang='lat' dir='ltr'>format,</span> <span class='ocrx_word' id='word_1_32' title='bbox 3444 1015 3740 1088; x_wconf 91' lang='lat' dir='ltr'>quorum</span> 
     </span>
     <span class='ocr_line' id='line_1_5' title="bbox 475 1105 3742 1206; baseline 0.002 -27"><span class='ocrx_word' id='word_1_33' title='bbox 475 1105 819 1181; x_wconf 88' lang='lat' dir='ltr'>inferiora</span> <span class='ocrx_word' id='word_1_34' title='bbox 872 1118 1202 1183; x_wconf 90' lang='lat' dir='ltr'>emortua</span> <span class='ocrx_word' id='word_1_35' title='bbox 1251 1121 1452 1200; x_wconf 90' lang='lat' dir='ltr'>sunt,</span> <span class='ocrx_word' id='word_1_36' title='bbox 1526 1108 1906 1206; x_wconf 78' lang='lat' dir='ltr'>superiora</span> <span class='ocrx_word' id='word_1_37' title='bbox 1959 1107 2297 1182; x_wconf 85' lang='lat' dir='ltr'>viventia.</span> <span class='ocrx_word' id='word_1_38' title='bbox 2403 1108 2675 1183; x_wconf 81' lang='lat' dir='ltr'>Planta</span> <span class='ocrx_word' id='word_1_39' title='bbox 2721 1110 3052 1184; x_wconf 86' lang='lat' dir='ltr'>solitaria</span> <span class='ocrx_word' id='word_1_40' title='bbox 3103 1109 3454 1186; x_wconf 84' lang='lat' dir='ltr'>diametro</span> <span class='ocrx_word' id='word_1_41' title='bbox 3510 1116 3742 1186; x_wconf 85' lang='lat'><strong>3—4·</strong></span> 
     </span>
     <span class='ocr_line' id='line_1_6' title="bbox 478 1224 3742 1325; baseline 0.002 -27"><span class='ocrx_word' id='word_1_42' title='bbox 478 1224 848 1320; x_wconf 90' lang='lat' dir='ltr'>pollicaris</span> <span class='ocrx_word' id='word_1_43' title='bbox 900 1226 1276 1300; x_wconf 86' lang='lat' dir='ltr'>fruticnlus</span> <span class='ocrx_word' id='word_1_44' title='bbox 1339 1236 1455 1301; x_wconf 88' lang='lat' dir='ltr'>est</span> <span class='ocrx_word' id='word_1_45' title='bbox 1505 1227 1963 1316; x_wconf 77' lang='lat' dir='ltr'>rotundatas,</span> <span class='ocrx_word' id='word_1_46' title='bbox 2028 1224 2253 1299; x_wconf 89' lang='lat' dir='ltr'>ramis</span> <span class='ocrx_word' id='word_1_47' title='bbox 2307 1249 2349 1299; x_wconf 89' lang='lat' dir='ltr'>e</span> <span class='ocrx_word' id='word_1_48' title='bbox 2404 1240 2654 1303; x_wconf 86' lang='lat' dir='ltr'>centro</span> <span class='ocrx_word' id='word_1_49' title='bbox 2710 1229 3114 1303; x_wconf 88' lang='lat' dir='ltr'>incrassato</span> <span class='ocrx_word' id='word_1_50' title='bbox 3168 1252 3742 1325; x_wconf 86' lang='lat' dir='ltr'>quoquoversum</span> 
     </span>
     <span class='ocr_line' id='line_1_7' title="bbox 475 1341 3744 1444; baseline 0.002 -30"><span class='ocrx_word' id='word_1_51' title='bbox 475 1341 1050 1437; x_wconf 88' lang='lat' dir='ltr'>egredientibus,</span> <span class='ocrx_word' id='word_1_52' title='bbox 1122 1344 1620 1441; x_wconf 80' lang='lat' dir='ltr'>irregulariter</span> <span class='ocrx_word' id='word_1_53' title='bbox 1672 1343 2059 1419; x_wconf 85' lang='lat' dir='ltr'>ramulosis</span> <span class='ocrx_word' id='word_1_54' title='bbox 2114 1343 2157 1419; x_wconf 91' lang='lat' dir='ltr'>l.</span> <span class='ocrx_word' id='word_1_55' title='bbox 2217 1342 2472 1419; x_wconf 82' lang='lat' dir='ltr'>divisis</span> <span class='ocrx_word' id='word_1_56' title='bbox 2528 1358 2600 1420; x_wconf 87' lang='lat' dir='ltr'>et</span> <span class='ocrx_word' id='word_1_57' title='bbox 2652 1370 2813 1420; x_wconf 91' lang='lat' dir='ltr'>cum</span> <span class='ocrx_word' id='word_1_58' title='bbox 2867 1347 3093 1421; x_wconf 89' lang='lat' dir='ltr'>ramis</span> <span class='ocrx_word' id='word_1_59' title='bbox 3146 1349 3426 1444; x_wconf 84' lang='lat' dir='ltr'>apicem</span> <span class='ocrx_word' id='word_1_60' title='bbox 3487 1370 3744 1422; x_wconf 90' lang='lat' dir='ltr'>versus</span> 
     </span>
     <span class='ocr_line' id='line_1_8' title="bbox 474 1461 3740 1563; baseline 0.002 -29"><span class='ocrx_word' id='word_1_61' title='bbox 474 1461 890 1535; x_wconf 89' lang='lat' dir='ltr'>attenuatis.</span> <span class='ocrx_word' id='word_1_62' title='bbox 999 1461 1263 1537; x_wconf 90' lang='lat' dir='ltr'>Melius</span> <span class='ocrx_word' id='word_1_63' title='bbox 1315 1486 1475 1539; x_wconf 90' lang='lat' dir='ltr'>cum</span> <span class='ocrx_word' id='word_1_64' title='bbox 1532 1471 1781 1538; x_wconf 89' lang='lat' dir='ltr'>nostra</span> <span class='ocrx_word' id='word_1_65' title='bbox 1826 1463 2062 1536; x_wconf 86' lang='lat' dir='ltr'>forma</span> <span class='ocrx_word' id='word_1_66' title='bbox 2114 1461 2551 1537; x_wconf 87' lang='lat' dir='ltr'>conveniunt</span> <span class='ocrx_word' id='word_1_67' title='bbox 2602 1464 2817 1560; x_wconf 76' lang='lat' dir='ltr'>hans</span> <span class='ocrx_word' id='word_1_68' title='bbox 2878 1466 3151 1563; x_wconf 80' lang='lat' dir='ltr'>plantae</span> <span class='ocrx_word' id='word_1_69' title='bbox 3217 1467 3509 1562; x_wconf 77' lang='lat' dir='ltr'>figurae,</span> <span class='ocrx_word' id='word_1_70' title='bbox 3555 1488 3740 1561; x_wconf 91' lang='lat' dir='ltr'>quas</span> 
     </span>
     <span class='ocr_line' id='line_1_9' title="bbox 474 1577 3743 1681; baseline 0.002 -30"><span class='ocrx_word' id='word_1_71' title='bbox 474 1577 676 1653; x_wconf 86' lang='lat' dir='ltr'>dedit</span> <span class='ocrx_word' id='word_1_72' title='bbox 722 1577 1083 1654; x_wconf 82' lang='lat' dir='ltr'>Johnston</span> <span class='ocrx_word' id='word_1_73' title='bbox 1137 1580 1442 1676; x_wconf 88' lang='lat' dir='ltr'>(British</span> <span class='ocrx_word' id='word_1_74' title='bbox 1497 1580 1841 1678; x_wconf 87' lang='lat' dir='ltr'>Sponges</span> <span class='ocrx_word' id='word_1_75' title='bbox 1894 1588 1967 1653; x_wconf 90' lang='lat' dir='ltr'>et</span> <span class='ocrx_word' id='word_1_76' title='bbox 2020 1578 2508 1677; x_wconf 86' lang='lat' dir='ltr'>Lithopbytes</span> <span class='ocrx_word' id='word_1_77' title='bbox 2546 1593 2595 1656; x_wconf 87' lang='lat' dir='ltr'>t.</span> <span class='ocrx_word' id='word_1_78' title='bbox 2634 1581 2959 1679; x_wconf 87' lang='lat' dir='ltr'>XXIV),</span> <span class='ocrx_word' id='word_1_79' title='bbox 3014 1608 3443 1681; x_wconf 89' lang='lat' dir='ltr'>quamquam</span> <span class='ocrx_word' id='word_1_80' title='bbox 3501 1585 3573 1658; x_wconf 88' lang='lat' dir='ltr'>in</span> <span class='ocrx_word' id='word_1_81' title='bbox 3630 1584 3743 1657; x_wconf 87' lang='lat' dir='ltr'>his</span> 
     </span>
     <span class='ocr_line' id='line_1_10' title="bbox 477 1695 2941 1795; baseline 0.002 -26"><span class='ocrx_word' id='word_1_82' title='bbox 477 1695 659 1770; x_wconf 89' lang='lat' dir='ltr'>rami</span> <span class='ocrx_word' id='word_1_83' title='bbox 714 1696 927 1771; x_wconf 92' lang='lat' dir='ltr'>nimis</span> <span class='ocrx_word' id='word_1_84' title='bbox 985 1707 1153 1773; x_wconf 88' lang='lat' dir='ltr'>sunt</span> <span class='ocrx_word' id='word_1_85' title='bbox 1206 1709 1838 1775; x_wconf 89' lang='lat' dir='ltr'>anastomosantes</span> <span class='ocrx_word' id='word_1_86' title='bbox 1894 1706 1968 1771; x_wconf 90' lang='lat' dir='ltr'>et</span> <span class='ocrx_word' id='word_1_87' title='bbox 2017 1697 2089 1771; x_wconf 92' lang='lat' dir='ltr'>in</span> <span class='ocrx_word' id='word_1_88' title='bbox 2145 1698 2477 1795; x_wconf 80' lang='lat' dir='ltr'>apicibus</span> <span class='ocrx_word' id='word_1_89' title='bbox 2530 1702 2941 1775; x_wconf 89' lang='lat' dir='ltr'>incrassati.</span> 
     </span>
    </p>

    <p class='ocr_par' dir='ltr' id='par_1_3' title="bbox 471 1815 3743 2270">
     <span class='ocr_line' id='line_1_11' title="bbox 780 1815 3741 1917; baseline 0.001 -28"><span class='ocrx_word' id='word_1_90' title='bbox 780 1815 1054 1889; x_wconf 88' lang='lat' dir='ltr'>Forma</span> <span class='ocrx_word' id='word_1_91' title='bbox 1107 1819 1513 1915; x_wconf 75' lang='lat' dir='ltr'>norveyica:</span> <span class='ocrx_word' id='word_1_92' title='bbox 1565 1817 1944 1893; x_wconf 87' lang='lat' dir='ltr'>fruticulns</span> <span class='ocrx_word' id='word_1_93' title='bbox 1999 1819 2197 1890; x_wconf 83' lang='grc'>2-3</span> <span class='ocrx_word' id='word_1_94' title='bbox 2255 1840 2387 1894; x_wconf 89' lang='lat' dir='ltr'>cm.</span> <span class='ocrx_word' id='word_1_95' title='bbox 2442 1818 2731 1915; x_wconf 87' lang='lat' dir='ltr'>longus.</span> <span class='ocrx_word' id='word_1_96' title='bbox 2799 1819 3013 1895; x_wconf 89' lang='lat' dir='ltr'>Rami</span> <span class='ocrx_word' id='word_1_97' title='bbox 3064 1822 3483 1917; x_wconf 89' lang='lat' dir='ltr'>plerumque</span> <span class='ocrx_word' id='word_1_98' title='bbox 3521 1821 3741 1915; x_wconf 83' lang='lat' dir='ltr'>aequi-</span> 
     </span>
     <span class='ocr_line' id='line_1_12' title="bbox 475 1933 3741 2036; baseline 0.001 -29"><span class='ocrx_word' id='word_1_99' title='bbox 475 1933 744 2017; x_wconf 88' lang='lat' dir='ltr'>crassi,</span> <span class='ocrx_word' id='word_1_100' title='bbox 820 1935 889 2008; x_wconf 92' lang='lat' dir='ltr'>in</span> <span class='ocrx_word' id='word_1_101' title='bbox 949 1935 1230 2031; x_wconf 88' lang='lat' dir='ltr'>apicem</span> <span class='ocrx_word' id='word_1_102' title='bbox 1268 1960 1520 2034; x_wconf 83' lang='lat' dir='ltr'>pamm</span> <span class='ocrx_word' id='word_1_103' title='bbox 1574 1935 1927 2011; x_wconf 75' lang='lat' dir='ltr'>attenuati</span> <span class='ocrx_word' id='word_1_104' title='bbox 1980 1945 2054 2008; x_wconf 90' lang='lat' dir='ltr'>et</span> <span class='ocrx_word' id='word_1_105' title='bbox 2105 1933 2460 2011; x_wconf 87' lang='lat' dir='ltr'>diametro</span> <span class='ocrx_word' id='word_1_106' title='bbox 2515 1935 2657 2012; x_wconf 92' lang='lat' dir='ltr'>duo</span> <span class='ocrx_word' id='word_1_107' title='bbox 2713 1960 2853 2010; x_wconf 89' lang='lat' dir='ltr'>mm</span> <span class='ocrx_word' id='word_1_108' title='bbox 2910 1938 3031 2010; x_wconf 82' lang='lat' dir='ltr'>vix</span> <span class='ocrx_word' id='word_1_109' title='bbox 3080 1951 3544 2036; x_wconf 83' lang='lat' dir='ltr'>superantes,</span> <span class='ocrx_word' id='word_1_110' title='bbox 3601 1937 3741 2012; x_wconf 89' lang='lat' dir='ltr'>nisi</span> 
     </span>
     <span class='ocr_line' id='line_1_13' title="bbox 471 2052 3743 2150; baseline 0.001 -26"><span class='ocrx_word' id='word_1_111' title='bbox 471 2052 546 2125; x_wconf 90' lang='lat' dir='ltr'>in</span> <span class='ocrx_word' id='word_1_112' title='bbox 625 2052 823 2137; x_wconf 89' lang='lat' dir='ltr'>basi,</span> <span class='ocrx_word' id='word_1_113' title='bbox 903 2075 1043 2148; x_wconf 91' lang='lat' dir='ltr'>quo</span> <span class='ocrx_word' id='word_1_114' title='bbox 1112 2052 1364 2150; x_wconf 88' lang='lat' dir='ltr'>planta</span> <span class='ocrx_word' id='word_1_115' title='bbox 1428 2076 1935 2150; x_wconf 89' lang='lat' dir='ltr'>nonnunquam</span> <span class='ocrx_word' id='word_1_116' title='bbox 1991 2053 2419 2128; x_wconf 88' lang='lat' dir='ltr'>incrassata.</span> <span class='ocrx_word' id='word_1_117' title='bbox 2527 2056 2797 2148; x_wconf 87' lang='lat' dir='ltr'>Forma</span> <span class='ocrx_word' id='word_1_118' title='bbox 2863 2067 3057 2131; x_wconf 89' lang='lat' dir='ltr'>certe</span> <span class='ocrx_word' id='word_1_119' title='bbox 3121 2067 3261 2144; x_wconf 90' lang='lat' dir='ltr'>est,</span> <span class='ocrx_word' id='word_1_120' title='bbox 3332 2067 3410 2132; x_wconf 89' lang='lat' dir='ltr'>ut</span> <span class='ocrx_word' id='word_1_121' title='bbox 3462 2056 3743 2140; x_wconf 85' lang='lat' dir='ltr'>dicitnr,</span> 
     </span>
     <span class='ocr_line' id='line_1_14' title="bbox 474 2169 2878 2270; baseline 0.002 -26"><span class='ocrx_word' id='word_1_122' title='bbox 474 2172 761 2260; x_wconf 87' lang='lat' dir='ltr'>localis,</span> <span class='ocrx_word' id='word_1_123' title='bbox 819 2194 1033 2267; x_wconf 90' lang='lat' dir='ltr'>quam</span> <span class='ocrx_word' id='word_1_124' title='bbox 1097 2171 1506 2247; x_wconf 85' lang='lat' dir='ltr'>distinctam</span> <span class='ocrx_word' id='word_1_125' title='bbox 1565 2172 1884 2269; x_wconf 87' lang='lat' dir='ltr'>speciem</span> <span class='ocrx_word' id='word_1_126' title='bbox 1941 2169 2214 2246; x_wconf 88' lang='lat' dir='ltr'>habere</span> <span class='ocrx_word' id='word_1_127' title='bbox 2266 2194 2411 2248; x_wconf 89' lang='lat' dir='ltr'>non</span> <span class='ocrx_word' id='word_1_128' title='bbox 2469 2197 2878 2270; x_wconf 86' lang='lat' dir='ltr'>possumus.</span> 
     </span>
    </p>
   </div>
   <div class='ocr_carea' id='block_1_3' title="bbox 471 2450 3565 2630">
    <p class='ocr_par' dir='ltr' id='par_1_4' title="bbox 471 2450 3565 2630">
     <span class='ocr_line' id='line_1_15' title="bbox 471 2450 3565 2630; baseline 0.001 -46"><span class='ocrx_word' id='word_1_129' title='bbox 471 2513 539 2584; x_wconf 83' lang='lat'>2.</span> <span class='ocrx_word' id='word_1_130' title='bbox 646 2508 1522 2587; x_wconf 88' lang='lat' dir='ltr'>LITHOTHAMNION</span> <span class='ocrx_word' id='word_1_131' title='bbox 1576 2510 2082 2586; x_wconf 80' lang='lat' dir='ltr'>fasciculamm</span> <span class='ocrx_word' id='word_1_132' title='bbox 2136 2511 2527 2587; x_wconf 86' lang='lat' dir='ltr'>Lamarck.</span> <span class='ocrx_word' id='word_1_133' title='bbox 2583 2450 2887 2586; x_wconf 70' lang='lat' dir='ltr'>Arescll.</span> <span class='ocrx_word' id='word_1_134' title='bbox 2941 2514 2987 2586; x_wconf 90' lang='lat' dir='ltr'>l.</span> <span class='ocrx_word' id='word_1_135' title='bbox 3043 2537 3103 2587; x_wconf 91' lang='lat' dir='ltr'>c.</span> <span class='ocrx_word' id='word_1_136' title='bbox 3157 2538 3226 2609; x_wconf 84' lang='lat' dir='ltr'>p.</span> <span class='ocrx_word' id='word_1_137' title='bbox 3277 2517 3450 2587; x_wconf 81' lang='grc'>522.</span> <span class='ocrx_word' id='word_1_138' title='bbox 3559 2624 3565 2630; x_wconf 12' lang='grc' dir='ltr'><strong>ῃ</strong></span> 
     </span>
    </p>
   </div>
   <div class='ocr_carea' id='block_1_4' title="bbox 463 2698 3818 4337">
    <p class='ocr_par' dir='ltr' id='par_1_5' title="bbox 468 2698 3743 3151">
     <span class='ocr_line' id='line_1_16' title="bbox 781 2698 3737 2798; baseline 0.001 -25"><span class='ocrx_word' id='word_1_139' title='bbox 781 2699 865 2773; x_wconf 83' lang='lat'>111</span> <span class='ocrx_word' id='word_1_140' title='bbox 949 2698 1172 2773; x_wconf 88' lang='lat' dir='ltr'>fundo</span> <span class='ocrx_word' id='word_1_141' title='bbox 1241 2700 1782 2774; x_wconf 79' lang='lat' dir='ltr'>extrataeniensi</span> <span class='ocrx_word' id='word_1_142' title='bbox 1850 2699 2193 2798; x_wconf 88' lang='lat' dir='ltr'>lapilloso</span> <span class='ocrx_word' id='word_1_143' title='bbox 2261 2701 2306 2773; x_wconf 93' lang='lat' dir='ltr'>l.</span> <span class='ocrx_word' id='word_1_144' title='bbox 2363 2724 2711 2786; x_wconf 87' lang='lat' dir='ltr'>arenoso,</span> <span class='ocrx_word' id='word_1_145' title='bbox 2766 2725 2812 2776; x_wconf 93' lang='lat' dir='ltr'>a</span> <span class='ocrx_word' id='word_1_146' title='bbox 2863 2700 3276 2776; x_wconf 85' lang='lat' dir='ltr'>Marstrand</span> <span class='ocrx_word' id='word_1_147' title='bbox 3332 2725 3464 2798; x_wconf 88' lang='lat' dir='ltr'>per</span> <span class='ocrx_word' id='word_1_148' title='bbox 3516 2712 3737 2776; x_wconf 82' lang='lat' dir='ltr'>totam</span> 
     </span>
     <span class='ocr_line' id='line_1_17' title="bbox 468 2816 3740 2916; baseline 0.001 -27"><span class='ocrx_word' id='word_1_149' title='bbox 468 2816 874 2912; x_wconf 81' lang='lat' dir='ltr'>Norvegiae</span> <span class='ocrx_word' id='word_1_150' title='bbox 927 2841 1125 2891; x_wconf 90' lang='lat' dir='ltr'>oram</span> <span class='ocrx_word' id='word_1_151' title='bbox 1183 2817 1726 2892; x_wconf 87' lang='lat' dir='ltr'>meridionalem</span> <span class='ocrx_word' id='word_1_152' title='bbox 1785 2828 2001 2915; x_wconf 89' lang='lat' dir='ltr'>atque</span> <span class='ocrx_word' id='word_1_153' title='bbox 2057 2818 2622 2904; x_wconf 85' lang='lat' dir='ltr'>occidentalem,</span> <span class='ocrx_word' id='word_1_154' title='bbox 2678 2843 2787 2895; x_wconf 78' lang='lat' dir='ltr'>ex,</span> <span class='ocrx_word' id='word_1_155' title='bbox 2855 2845 2963 2916; x_wconf 88' lang='lat' dir='ltr'>gr.</span> <span class='ocrx_word' id='word_1_156' title='bbox 3018 2820 3111 2895; x_wconf 92' lang='lat' dir='ltr'>ad</span> <span class='ocrx_word' id='word_1_157' title='bbox 3178 2818 3740 2895; x_wconf 83' lang='lat' dir='ltr'>Christiansund</span> 
     </span>
     <span class='ocr_line' id='line_1_18' title="bbox 468 2935 3743 3037; baseline 0 -28"><span class='ocrx_word' id='word_1_158' title='bbox 468 2935 636 3034; x_wconf 90' lang='lat' dir='ltr'>(cel.</span> <span class='ocrx_word' id='word_1_159' title='bbox 690 2935 888 3010; x_wconf 88' lang='lat' dir='ltr'>Prof.</span> <span class='ocrx_word' id='word_1_160' title='bbox 947 2935 1297 3032; x_wconf 86' lang='lat' dir='ltr'>Ekman),</span> <span class='ocrx_word' id='word_1_161' title='bbox 1354 2959 1581 3033; x_wconf 89' lang='lat' dir='ltr'>nsque</span> <span class='ocrx_word' id='word_1_162' title='bbox 1645 2938 1718 3011; x_wconf 92' lang='lat' dir='ltr'>in</span> <span class='ocrx_word' id='word_1_163' title='bbox 1788 2935 2288 3035; x_wconf 87' lang='lat' dir='ltr'>Spetsbergen</span> <span class='ocrx_word' id='word_1_164' title='bbox 2346 2938 2508 3037; x_wconf 91' lang='lat' dir='ltr'>(cel.</span> <span class='ocrx_word' id='word_1_165' title='bbox 2564 2938 2732 3035; x_wconf 90' lang='lat' dir='ltr'>Adj.</span> <span class='ocrx_word' id='word_1_166' title='bbox 2785 2938 2910 3012; x_wconf 89' lang='lat' dir='ltr'>Dr.</span> <span class='ocrx_word' id='word_1_167' title='bbox 2967 2938 3105 3014; x_wconf 83' lang='lat' dir='ltr'>Th.</span> <span class='ocrx_word' id='word_1_168' title='bbox 3151 2937 3398 3028; x_wconf 87' lang='lat' dir='ltr'>Fries)</span> <span class='ocrx_word' id='word_1_169' title='bbox 3453 2937 3743 3012; x_wconf 90' lang='lat' dir='ltr'>minime</span> 
     </span>
     <span class='ocr_line' id='line_1_19' title="bbox 471 3054 1004 3151; baseline -0.002 -23"><span class='ocrx_word' id='word_1_170' title='bbox 471 3078 643 3129; x_wconf 89' lang='lat' dir='ltr'>rara</span> <span class='ocrx_word' id='word_1_171' title='bbox 694 3054 1004 3151; x_wconf 84' lang='lat' dir='ltr'>species.</span> 
     </span>
    </p>

    <p class='ocr_par' dir='ltr' id='par_1_6' title="bbox 463 3172 3818 4337">
     <span class='ocr_line' id='line_1_20' title="bbox 778 3172 3736 3272; baseline -0 -26"><span class='ocrx_word' id='word_1_172' title='bbox 778 3172 1099 3246; x_wconf 87' lang='lat' dir='ltr'>Primum</span> <span class='ocrx_word' id='word_1_173' title='bbox 1154 3174 1473 3247; x_wconf 84' lang='lat' dir='ltr'>exoritur</span> <span class='ocrx_word' id='word_1_174' title='bbox 1526 3175 1685 3248; x_wconf 81' lang='lat' dir='ltr'>haec</span> <span class='ocrx_word' id='word_1_175' title='bbox 1736 3174 1989 3272; x_wconf 88' lang='lat' dir='ltr'>planta</span> <span class='ocrx_word' id='word_1_176' title='bbox 2040 3174 2112 3247; x_wconf 94' lang='lat' dir='ltr'>in</span> <span class='ocrx_word' id='word_1_177' title='bbox 2168 3174 2536 3272; x_wconf 89' lang='lat' dir='ltr'>lapidibus</span> <span class='ocrx_word' id='word_1_178' title='bbox 2590 3174 3006 3272; x_wconf 87' lang='lat' dir='ltr'>lapillisque</span> <span class='ocrx_word' id='word_1_179' title='bbox 3062 3185 3140 3249; x_wconf 88' lang='lat' dir='ltr'>nt</span> <span class='ocrx_word' id='word_1_180' title='bbox 3186 3184 3429 3248; x_wconf 85' lang='lat' dir='ltr'>crusta</span> <span class='ocrx_word' id='word_1_181' title='bbox 3467 3173 3736 3262; x_wconf 91' lang='lat' dir='ltr'>tenuis,</span> 
     </span>
     <span class='ocr_line' id='line_1_21' title="bbox 470 3290 3741 3390; baseline -0.001 -25"><span class='ocrx_word' id='word_1_182' title='bbox 470 3301 673 3369; x_wconf 88' lang='lat' dir='ltr'>arcte</span> <span class='ocrx_word' id='word_1_183' title='bbox 754 3290 1026 3366; x_wconf 88' lang='lat' dir='ltr'>adnata</span> <span class='ocrx_word' id='word_1_184' title='bbox 1081 3301 1152 3366; x_wconf 92' lang='lat' dir='ltr'>et</span> <span class='ocrx_word' id='word_1_185' title='bbox 1205 3315 1406 3389; x_wconf 80' lang='lat' dir='ltr'>saepe</span> <span class='ocrx_word' id='word_1_186' title='bbox 1463 3316 1909 3390; x_wconf 87' lang='lat' dir='ltr'>magnopere</span> <span class='ocrx_word' id='word_1_187' title='bbox 1964 3292 2295 3384; x_wconf 88' lang='lat' dir='ltr'>dilatata,</span> <span class='ocrx_word' id='word_1_188' title='bbox 2350 3303 2430 3367; x_wconf 90' lang='lat' dir='ltr'>ut</span> <span class='ocrx_word' id='word_1_189' title='bbox 2480 3293 2888 3368; x_wconf 88' lang='lat' dir='ltr'>Melobesia</span> <span class='ocrx_word' id='word_1_190' title='bbox 2940 3292 3433 3368; x_wconf 85' lang='lat' dir='ltr'>Lenorrnandi</span> <span class='ocrx_word' id='word_1_191' title='bbox 3488 3291 3581 3365; x_wconf 87' lang='lat' dir='ltr'>ab</span> <span class='ocrx_word' id='word_1_192' title='bbox 3635 3291 3741 3362; x_wconf 93' lang='lat' dir='ltr'>in-</span> 
     </span>
     <span class='ocr_line' id='line_1_22' title="bbox 469 3409 3739 3508; baseline 0 -24"><span class='ocrx_word' id='word_1_193' title='bbox 469 3420 687 3487; x_wconf 88' lang='lat' dir='ltr'>cauto</span> <span class='ocrx_word' id='word_1_194' title='bbox 750 3411 965 3486; x_wconf 89' lang='lat' dir='ltr'>facile</span> <span class='ocrx_word' id='word_1_195' title='bbox 1033 3411 1287 3486; x_wconf 87' lang='lat' dir='ltr'>haberi</span> <span class='ocrx_word' id='word_1_196' title='bbox 1350 3411 1605 3508; x_wconf 89' lang='lat' dir='ltr'>possit.</span> <span class='ocrx_word' id='word_1_197' title='bbox 1712 3409 2002 3486; x_wconf 91' lang='lat' dir='ltr'>Deinde</span> <span class='ocrx_word' id='word_1_198' title='bbox 2066 3411 2206 3486; x_wconf 87' lang='lat' dir='ltr'>hac</span> <span class='ocrx_word' id='word_1_199' title='bbox 2275 3411 2345 3485; x_wconf 93' lang='lat' dir='ltr'>in</span> <span class='ocrx_word' id='word_1_200' title='bbox 2399 3422 2645 3487; x_wconf 85' lang='lat' dir='ltr'>crusta</span> <span class='ocrx_word' id='word_1_201' title='bbox 2696 3411 3013 3486; x_wconf 85' lang='lat' dir='ltr'>existunt</span> <span class='ocrx_word' id='word_1_202' title='bbox 3065 3413 3330 3508; x_wconf 90' lang='lat' dir='ltr'>ubique</span> <span class='ocrx_word' id='word_1_203' title='bbox 3384 3433 3739 3494; x_wconf 79' lang='lat' dir='ltr'>verrucae,</span> 
     </span>
     <span class='ocr_line' id='line_1_23' title="bbox 463 3529 3818 3627; baseline -0.001 -24"><span class='ocrx_word' id='word_1_204' title='bbox 463 3551 633 3625; x_wconf 82' lang='lat' dir='ltr'>quae</span> <span class='ocrx_word' id='word_1_205' title='bbox 684 3529 958 3604; x_wconf 91' lang='lat' dir='ltr'>sensim</span> <span class='ocrx_word' id='word_1_206' title='bbox 1012 3530 1086 3604; x_wconf 94' lang='lat' dir='ltr'>in</span> <span class='ocrx_word' id='word_1_207' title='bbox 1139 3551 1381 3604; x_wconf 87' lang='lat' dir='ltr'>ramos</span> <span class='ocrx_word' id='word_1_208' title='bbox 1418 3550 1587 3603; x_wconf 83' lang='lat' dir='ltr'>mox</span> <span class='ocrx_word' id='word_1_209' title='bbox 1622 3529 2030 3626; x_wconf 87' lang='lat' dir='ltr'>simplices,</span> <span class='ocrx_word' id='word_1_210' title='bbox 2064 3539 2323 3627; x_wconf 84' lang='lat' dir='ltr'>postea</span> <span class='ocrx_word' id='word_1_211' title='bbox 2361 3554 2728 3624; x_wconf 88' lang='lat' dir='ltr'>ramosos,</span> <span class='ocrx_word' id='word_1_212' title='bbox 2776 3541 3220 3607; x_wconf 83' lang='lat' dir='ltr'>excrescunt.</span> <span class='ocrx_word' id='word_1_213' title='bbox 3277 3530 3491 3604; x_wconf 86' lang='lat' dir='ltr'>Rami</span> <span class='ocrx_word' id='word_1_214' title='bbox 3528 3529 3740 3626; x_wconf 88' lang='lat' dir='ltr'>primi</span> <span class='ocrx_word' id='word_1_215' title='bbox 3805 3581 3818 3598; x_wconf 83' lang='grc'><strong><em>,</em></strong></span> 
     </span>
     <span class='ocr_line' id='line_1_24' title="bbox 469 3646 3737 3747; baseline 0 -26"><span class='ocrx_word' id='word_1_216' title='bbox 469 3646 919 3743; x_wconf 84' lang='lat' dir='ltr'>secundique</span> <span class='ocrx_word' id='word_1_217' title='bbox 986 3646 1263 3723; x_wconf 91' lang='lat' dir='ltr'>ordinis</span> <span class='ocrx_word' id='word_1_218' title='bbox 1315 3648 1482 3746; x_wconf 91' lang='lat' dir='ltr'>plns</span> <span class='ocrx_word' id='word_1_219' title='bbox 1535 3647 1774 3723; x_wconf 90' lang='lat' dir='ltr'>minus</span> <span class='ocrx_word' id='word_1_220' title='bbox 1829 3648 2057 3723; x_wconf 91' lang='lat' dir='ltr'>dense</span> <span class='ocrx_word' id='word_1_221' title='bbox 2112 3648 2384 3744; x_wconf 89' lang='lat' dir='ltr'>stipati.</span> <span class='ocrx_word' id='word_1_222' title='bbox 2493 3646 2574 3724; x_wconf 89' lang='lat' dir='ltr'>Si</span> <span class='ocrx_word' id='word_1_223' title='bbox 2626 3648 2700 3722; x_wconf 92' lang='lat' dir='ltr'>in</span> <span class='ocrx_word' id='word_1_224' title='bbox 2754 3648 3005 3747; x_wconf 91' lang='lat' dir='ltr'>lapillo</span> <span class='ocrx_word' id='word_1_225' title='bbox 3060 3649 3417 3724; x_wconf 80' lang='lat' dir='ltr'>evolvitur</span> <span class='ocrx_word' id='word_1_226' title='bbox 3459 3649 3737 3746; x_wconf 87' lang='lat' dir='ltr'>planta,</span> 
     </span>
     <span class='ocr_line' id='line_1_25' title="bbox 469 3765 3741 3864; baseline 0.001 -25"><span class='ocrx_word' id='word_1_227' title='bbox 469 3765 599 3840; x_wconf 89' lang='lat' dir='ltr'>ille</span> <span class='ocrx_word' id='word_1_228' title='bbox 652 3767 745 3840; x_wconf 92' lang='lat' dir='ltr'>ab</span> <span class='ocrx_word' id='word_1_229' title='bbox 785 3789 876 3841; x_wconf 91' lang='lat' dir='ltr'>ea</span> <span class='ocrx_word' id='word_1_230' title='bbox 927 3765 1245 3862; x_wconf 90' lang='lat' dir='ltr'>undique</span> <span class='ocrx_word' id='word_1_231' title='bbox 1297 3765 1683 3861; x_wconf 84' lang='lat' dir='ltr'>obtegitur,</span> <span class='ocrx_word' id='word_1_232' title='bbox 1738 3766 2045 3864; x_wconf 90' lang='lat' dir='ltr'>ipsaque</span> <span class='ocrx_word' id='word_1_233' title='bbox 2082 3766 2166 3840; x_wconf 92' lang='lat' dir='ltr'>fit</span> <span class='ocrx_word' id='word_1_234' title='bbox 2201 3765 2515 3861; x_wconf 91' lang='lat' dir='ltr'>globosa</span> <span class='ocrx_word' id='word_1_235' title='bbox 2551 3767 2595 3841; x_wconf 93' lang='lat' dir='ltr'>l.</span> <span class='ocrx_word' id='word_1_236' title='bbox 2635 3767 3344 3863; x_wconf 86' lang='lat' dir='ltr'>globoso-elongata,</span> <span class='ocrx_word' id='word_1_237' title='bbox 3383 3791 3741 3844; x_wconf 90' lang='lat' dir='ltr'>ramorum</span> 
     </span>
     <span class='ocr_line' id='line_1_26' title="bbox 468 3883 3740 3982; baseline 0 -24"><span class='ocrx_word' id='word_1_238' title='bbox 468 3884 1051 3981; x_wconf 86' lang='lat' dir='ltr'>ramulorumque</span> <span class='ocrx_word' id='word_1_239' title='bbox 1118 3884 1371 3982; x_wconf 91' lang='lat' dir='ltr'>apices</span> <span class='ocrx_word' id='word_1_240' title='bbox 1434 3883 1510 3958; x_wconf 93' lang='lat' dir='ltr'>in</span> <span class='ocrx_word' id='word_1_241' title='bbox 1577 3884 1920 3960; x_wconf 77' lang='lat' dir='ltr'>interiore</span> <span class='ocrx_word' id='word_1_242' title='bbox 1973 3887 2135 3981; x_wconf 90' lang='lat' dir='ltr'>ejus</span> <span class='ocrx_word' id='word_1_243' title='bbox 2201 3894 2440 3982; x_wconf 89' lang='lat' dir='ltr'>parte,</span> <span class='ocrx_word' id='word_1_244' title='bbox 2520 3885 2742 3960; x_wconf 88' lang='lat' dir='ltr'>fundo</span> <span class='ocrx_word' id='word_1_245' title='bbox 2811 3886 3190 3982; x_wconf 88' lang='lat' dir='ltr'>imposita,</span> <span class='ocrx_word' id='word_1_246' title='bbox 3264 3888 3600 3979; x_wconf 87' lang='lat' dir='ltr'>truncati,</span> <span class='ocrx_word' id='word_1_247' title='bbox 3667 3888 3740 3960; x_wconf 94' lang='lat' dir='ltr'>in</span> 
     </span>
     <span class='ocr_line' id='line_1_27' title="bbox 466 4000 3740 4101; baseline 0.001 -25"><span class='ocrx_word' id='word_1_248' title='bbox 466 4004 846 4100; x_wconf 89' lang='lat' dir='ltr'>superiore</span> <span class='ocrx_word' id='word_1_249' title='bbox 897 4027 1075 4079; x_wconf 89' lang='lat' dir='ltr'>vero</span> <span class='ocrx_word' id='word_1_250' title='bbox 1130 4004 1343 4078; x_wconf 92' lang='lat' dir='ltr'>acuti.</span> <span class='ocrx_word' id='word_1_251' title='bbox 1449 4000 1634 4078; x_wconf 83' lang='lat' dir='ltr'>Cum</span> <span class='ocrx_word' id='word_1_252' title='bbox 1689 4025 1864 4077; x_wconf 88' lang='lat' dir='ltr'>vero</span> <span class='ocrx_word' id='word_1_253' title='bbox 1932 4002 2007 4077; x_wconf 90' lang='lat' dir='ltr'>in</span> <span class='ocrx_word' id='word_1_254' title='bbox 2078 4005 2354 4100; x_wconf 78' lang='lat' dir='ltr'>maJore</span> <span class='ocrx_word' id='word_1_255' title='bbox 2407 4003 2692 4101; x_wconf 88' lang='lat' dir='ltr'>lapide,</span> <span class='ocrx_word' id='word_1_256' title='bbox 2746 4027 2954 4101; x_wconf 89' lang='lat' dir='ltr'>quem</span> <span class='ocrx_word' id='word_1_257' title='bbox 3013 4015 3235 4081; x_wconf 86' lang='lat' dir='ltr'>totum</span> <span class='ocrx_word' id='word_1_258' title='bbox 3292 4005 3740 4080; x_wconf 88' lang='lat' dir='ltr'>circumdare</span> 
     </span>
     <span class='ocr_line' id='line_1_28' title="bbox 466 4120 3740 4220; baseline 0.001 -25"><span class='ocrx_word' id='word_1_259' title='bbox 466 4144 614 4196; x_wconf 89' lang='lat' dir='ltr'>non</span> <span class='ocrx_word' id='word_1_260' title='bbox 669 4122 937 4220; x_wconf 89' lang='lat' dir='ltr'>possit,</span> <span class='ocrx_word' id='word_1_261' title='bbox 994 4123 1370 4207; x_wconf 84' lang='lat' dir='ltr'>evolvitur,</span> <span class='ocrx_word' id='word_1_262' title='bbox 1422 4122 1799 4196; x_wconf 85' lang='lat' dir='ltr'>fruticulus</span> <span class='ocrx_word' id='word_1_263' title='bbox 1853 4120 1972 4203; x_wconf 84' lang='lat' dir='ltr'>fit.</span> <span class='ocrx_word' id='word_1_264' title='bbox 2050 4123 2275 4197; x_wconf 90' lang='lat' dir='ltr'>ramis</span> <span class='ocrx_word' id='word_1_265' title='bbox 2311 4120 2755 4217; x_wconf 90' lang='lat' dir='ltr'>ramulisque</span> <span class='ocrx_word' id='word_1_266' title='bbox 2791 4124 3155 4220; x_wconf 89' lang='lat' dir='ltr'>separatis</span> <span class='ocrx_word' id='word_1_267' title='bbox 3194 4146 3330 4199; x_wconf 90' lang='lat' dir='ltr'>nec</span> <span class='ocrx_word' id='word_1_268' title='bbox 3374 4124 3480 4197; x_wconf 91' lang='lat' dir='ltr'>ita</span> <span class='ocrx_word' id='word_1_269' title='bbox 3515 4123 3740 4199; x_wconf 90' lang='lat' dir='ltr'>dense</span> 
     </span>
     <span class='ocr_line' id='line_1_29' title="bbox 468 4239 2227 4337; baseline -0.001 -22"><span class='ocrx_word' id='word_1_270' title='bbox 468 4240 787 4337; x_wconf 88' lang='lat' dir='ltr'>stipatis.</span> <span class='ocrx_word' id='word_1_271' title='bbox 895 4240 1041 4316; x_wconf 86' lang='lat' dir='ltr'>Sed</span> <span class='ocrx_word' id='word_1_272' title='bbox 1096 4241 1236 4316; x_wconf 86' lang='lat' dir='ltr'>bac</span> <span class='ocrx_word' id='word_1_273' title='bbox 1280 4241 1349 4313; x_wconf 90' lang='lat' dir='ltr'>in</span> <span class='ocrx_word' id='word_1_274' title='bbox 1408 4264 1488 4313; x_wconf 87' lang='lat' dir='ltr'>re</span> <span class='ocrx_word' id='word_1_275' title='bbox 1544 4239 1743 4314; x_wconf 89' lang='lat' dir='ltr'>nulla</span> <span class='ocrx_word' id='word_1_276' title='bbox 1797 4241 2227 4314; x_wconf 88' lang='lat' dir='ltr'>constantia.</span> 
     </span>
    </p>
   </div>
   <div class='ocr_carea' id='block_1_5' title="bbox 470 4555 3742 4749">
    <p class='ocr_par' dir='ltr' id='par_1_7' title="bbox 470 4555 3742 4749">
     <span class='ocr_line' id='line_1_30' title="bbox 470 4555 3742 4655; baseline 0.001 -27"><span class='ocrx_word' id='word_1_277' title='bbox 470 4558 539 4629; x_wconf 83' lang='lat'>3.</span> <span class='ocrx_word' id='word_1_278' title='bbox 648 4555 1519 4633; x_wconf 86' lang='lat' dir='ltr'>LITHOTHAMNION</span> <span class='ocrx_word' id='word_1_279' title='bbox 1598 4556 2152 4655; x_wconf 85' lang='lat' dir='ltr'>polymorphum</span> <span class='ocrx_word' id='word_1_280' title='bbox 2231 4556 2405 4652; x_wconf 90' lang='lat' dir='ltr'>(L.).</span> <span class='ocrx_word' id='word_1_281' title='bbox 2512 4555 2818 4631; x_wconf 88' lang='lat' dir='ltr'>Aresch.</span> <span class='ocrx_word' id='word_1_282' title='bbox 2901 4557 2948 4629; x_wconf 92' lang='lat' dir='ltr'>l.</span> <span class='ocrx_word' id='word_1_283' title='bbox 3014 4581 3070 4630; x_wconf 92' lang='lat' dir='ltr'>c.</span> <span class='ocrx_word' id='word_1_284' title='bbox 3140 4581 3211 4653; x_wconf 89' lang='lat' dir='ltr'>p.</span> <span class='ocrx_word' id='word_1_285' title='bbox 3281 4561 3449 4636; x_wconf 66' lang='lat'>5⁶24.</span> <span class='ocrx_word' id='word_1_286' title='bbox 3572 4558 3742 4653; x_wconf 90' lang='lat' dir='ltr'>Alg.</span> 
     </span>
     <span class='ocr_line' id='line_1_31' title="bbox 1588 4674 2399 4749; baseline -0.002 0"><span class='ocrx_word' id='word_1_287' title='bbox 1588 4674 1838 4749; x_wconf 86' lang='lat' dir='ltr'>scand.</span> <span class='ocrx_word' id='word_1_288' title='bbox 1894 4699 2047 4749; x_wconf 86' lang='lat' dir='ltr'>exs.</span> <span class='ocrx_word' id='word_1_289' title='bbox 2104 4701 2172 4748; x_wconf 90' lang='lat' dir='ltr'>n.</span> <span class='ocrx_word' id='word_1_290' title='bbox 2231 4678 2399 4747; x_wconf 86' lang='lat'><strong>302.</strong></span> 
     </span>
    </p>
   </div>
   <div class='ocr_carea' id='block_1_6' title="bbox 465 4856 3742 5316">
    <p class='ocr_par' dir='ltr' id='par_1_8' title="bbox 465 4856 3742 5316">
     <span class='ocr_line' id='line_1_32' title="bbox 775 4856 3738 4959; baseline 0.001 -24"><span class='ocrx_word' id='word_1_291' title='bbox 775 4861 921 4937; x_wconf 91' lang='lat' dir='ltr'>Per</span> <span class='ocrx_word' id='word_1_292' title='bbox 1000 4856 1224 4937; x_wconf 84' lang='lat' dir='ltr'>totam</span> <span class='ocrx_word' id='word_1_293' title='bbox 1301 4886 1500 4939; x_wconf 91' lang='lat' dir='ltr'>oram</span> <span class='ocrx_word' id='word_1_294' title='bbox 1583 4864 1927 4940; x_wconf 80' lang='lat' dir='ltr'>Bahusiae</span> <span class='ocrx_word' id='word_1_295' title='bbox 2007 4873 2081 4939; x_wconf 91' lang='lat' dir='ltr'>et</span> <span class='ocrx_word' id='word_1_296' title='bbox 2158 4864 2589 4959; x_wconf 81' lang='lat' dir='ltr'>Norvegiae,</span> <span class='ocrx_word' id='word_1_297' title='bbox 2645 4888 2754 4939; x_wconf 82' lang='lat' dir='ltr'>ex.</span> <span class='ocrx_word' id='word_1_298' title='bbox 2824 4887 2934 4959; x_wconf 87' lang='lat' dir='ltr'>gr.</span> <span class='ocrx_word' id='word_1_299' title='bbox 3006 4863 3100 4938; x_wconf 92' lang='lat' dir='ltr'>ad</span> <span class='ocrx_word' id='word_1_300' title='bbox 3175 4862 3738 4939; x_wconf 82' lang='lat' dir='ltr'>Christiansnnd</span> 
     </span>
     <span class='ocr_line' id='line_1_33' title="bbox 468 4980 3742 5080; baseline 0.001 -26"><span class='ocrx_word' id='word_1_301' title='bbox 468 4981 639 5075; x_wconf 88' lang='lat' dir='ltr'>(cel.</span> <span class='ocrx_word' id='word_1_302' title='bbox 694 4980 891 5057; x_wconf 86' lang='lat' dir='ltr'>Prof.</span> <span class='ocrx_word' id='word_1_303' title='bbox 945 4980 1302 5078; x_wconf 88' lang='lat' dir='ltr'>Ekman)‚</span> <span class='ocrx_word' id='word_1_304' title='bbox 1367 5005 1598 5079; x_wconf 90' lang='lat' dir='ltr'>usque</span> <span class='ocrx_word' id='word_1_305' title='bbox 1669 4983 1741 5056; x_wconf 92' lang='lat' dir='ltr'>in</span> <span class='ocrx_word' id='word_1_306' title='bbox 1795 4982 2316 5080; x_wconf 86' lang='lat' dir='ltr'>Spetsbergen,</span> <span class='ocrx_word' id='word_1_307' title='bbox 2387 5006 2480 5058; x_wconf 83' lang='lat' dir='ltr'>ex</span> <span class='ocrx_word' id='word_1_308' title='bbox 2529 5007 2672 5079; x_wconf 87' lang='lat' dir='ltr'>quo</span> <span class='ocrx_word' id='word_1_309' title='bbox 2725 4983 2922 5072; x_wconf 82' lang='lat' dir='ltr'>locO,</span> <span class='ocrx_word' id='word_1_310' title='bbox 2981 4981 3122 5056; x_wconf 87' lang='lat' dir='ltr'>nisi</span> <span class='ocrx_word' id='word_1_311' title='bbox 3170 4981 3505 5074; x_wconf 85' lang='lat' dir='ltr'>fallimur,</span> <span class='ocrx_word' id='word_1_312' title='bbox 3563 4983 3742 5058; x_wconf 87' lang='lat' dir='ltr'>vidi-</span> 
     </span>
     <span class='ocr_line' id='line_1_34' title="bbox 465 5100 3741 5199; baseline 0.001 -26"><span class='ocrx_word' id='word_1_313' title='bbox 465 5121 628 5174; x_wconf 90' lang='lat' dir='ltr'>mus</span> <span class='ocrx_word' id='word_1_314' title='bbox 681 5109 1051 5198; x_wconf 84' lang='lat' dir='ltr'>reportata</span> <span class='ocrx_word' id='word_1_315' title='bbox 1115 5100 1546 5197; x_wconf 88' lang='lat' dir='ltr'>specimina,</span> <span class='ocrx_word' id='word_1_316' title='bbox 1617 5123 1805 5175; x_wconf 88' lang='lat' dir='ltr'>nuuc</span> <span class='ocrx_word' id='word_1_317' title='bbox 1872 5100 1946 5175; x_wconf 91' lang='lat' dir='ltr'>in</span> <span class='ocrx_word' id='word_1_318' title='bbox 2014 5101 2266 5191; x_wconf 87' lang='lat' dir='ltr'>fundo,</span> <span class='ocrx_word' id='word_1_319' title='bbox 2335 5124 2525 5176; x_wconf 88' lang='lat' dir='ltr'>nunc</span> <span class='ocrx_word' id='word_1_320' title='bbox 2595 5125 2848 5199; x_wconf 89' lang='lat' dir='ltr'>parum</span> <span class='ocrx_word' id='word_1_321' title='bbox 2915 5100 3106 5175; x_wconf 86' lang='lat' dir='ltr'>infra</span> <span class='ocrx_word' id='word_1_322' title='bbox 3173 5100 3473 5175; x_wconf 87' lang='lat' dir='ltr'>limitem</span> <span class='ocrx_word' id='word_1_323' title='bbox 3532 5125 3741 5198; x_wconf 77' lang='lat' dir='ltr'>aquae</span> 
     </span>
     <span class='ocr_line' id='line_1_35' title="bbox 466 5216 2024 5316; baseline 0.002 -26"><span class='ocrx_word' id='word_1_324' title='bbox 466 5217 789 5302; x_wconf 66' lang='lat' dir='ltr'>marinae,</span> <span class='ocrx_word' id='word_1_325' title='bbox 842 5216 1207 5316; x_wconf 91' lang='lat' dir='ltr'>lapidibus</span> <span class='ocrx_word' id='word_1_326' title='bbox 1260 5219 1607 5314; x_wconf 83' lang='lat' dir='ltr'>saxisque</span> <span class='ocrx_word' id='word_1_327' title='bbox 1657 5218 2024 5293; x_wconf 89' lang='lat' dir='ltr'>adnatum.</span> 
     </span>
    </p>
   </div>
  </div>
 </body>
</html>
