4959 6367
103 23 884 223 η

1409 574 2045 654 OssaRvAuonas
2100 578 2690 655 PuYooLomoAE.
2778 652 2790 670 ,
3552 587 3597 658 3

903 782 979 824 *⁴
1020 778 1394 864 Sporaugia
1436 781 1480 843 4
1525 799 1760 865 sporus
1808 781 2114 848 foventia.

413 924 483 992 4.
587 916 1168 995 MELOBESIA
1233 916 1604 1014 pustulata
1652 916 1994 993 Lamour.
2050 918 2355 994 Aresch.
2421 916 2469 990 l.
2527 942 2586 994 c.
2644 943 2711 1017 p.
2770 923 2942 995 513.
2997 918 3358 997 Rosanoff
3402 923 3451 1004 l.
3504 946 3563 999 c.
3623 946 3694 1021 p.

1236 1040 1329 1110 72
1385 1044 1412 1110 t
1482 1035 1582 1108 IV
1640 1036 1687 1109 f.
1744 1040 1964 1113 2-3,

716 1189 966 1265 Variis
1039 1190 1236 1287 algis
1312 1188 1582 1263 adnata
1659 1189 1752 1263 ad
1809 1213 2008 1265 oram
2079 1200 2402 1266 nostram
2467 1190 3033 1284 occidentalem,
3082 1194 3349 1270 ceteris
3403 1196 3689 1291 specie-

416 1308 550 1382 bus
604 1308 859 1383 rarior.
966 1306 1266 1406 Optima
1315 1308 1718 1405 specimina
1770 1309 1863 1382 ab
1917 1308 2066 1383 oris
2118 1308 2517 1405 Norvegiae
2570 1308 2904 1400 vidimus,
2960 1312 3189 1387 radici
3244 1313 3692 1390 Lamiuariae

417 1425 752 1521 digitatae
805 1426 1220 1517 insidentia,
1284 1449 1396 1501 ex.
1451 1450 1560 1521 gr.
1617 1448 1843 1524 prope
1896 1425 2332 1521 Stavanger.

725 1542 1026 1621 Omissa
1091 1543 1498 1619 Melobesia
1550 1543 2073 1636 Lenormandi,
2129 1544 2290 1618 haec
2343 1553 2458 1617 est
2514 1567 2554 1617 e
2611 1545 2879 1620 nostris
2934 1545 3284 1622 diametro
3339 1549 3689 1636 maxima,

414 1674 490 1737 ut
550 1686 664 1736 cm
739 1685 942 1761 saepe
1010 1685 1405 1760 superans,
1469 1671 1543 1736 et
1609 1660 1921 1757 denique
1979 1662 2181 1738 calce
2232 1663 2332 1737 ita
2386 1662 2824 1754 incrustata,
2895 1674 2973 1739 ut
3038 1665 3134 1740 sit
3184 1667 3339 1741 fere
3392 1665 3690 1765 lapidea

416 1789 488 1854 et
537 1780 888 1855 facillime
942 1782 1341 1876 frangatur.
1423 1778 1685 1855 Junior
1738 1802 1912 1854 vero
1966 1803 2128 1855 cum
2169 1780 2434 1856 ceteris
2491 1803 2631 1855 nou
2688 1780 2985 1857 difficile
3032 1784 3376 1859 confundi
3424 1791 3687 1880 potest.

416 1896 838 1974 Ceramidia
892 1898 1438 1980 tumuliformia;
1503 1898 1904 1995 sporangia
1977 1909 2310 1995 quattuor
2362 1922 2624 1997 speras
2679 1899 3145 1980 continentia.
3251 1901 3417 1978 Sori
3473 1910 3691 1977 tetra-

415 2016 757 2113 sporiferi
814 2025 887 2091 et
940 2015 1380 2106 antheridia,
1438 2027 1781 2113 quantum
1838 2017 2148 2103 scimus,
2202 2017 2517 2092 nondum
2573 2016 2887 2093 inventa.

420 2357 486 2431 5.
594 2351 1179 2429 MELOBESIA
1249 2354 1802 2429 membranacea
1863 2353 2203 2429 Lamour.
2264 2354 2566 2431 Aresch.
2636 2355 2679 2433 l.
2746 2380 2806 2430 c.
2873 2378 2941 2452 p.
3019 2360 3160 2429 112
3217 2359 3378 2452 (pro
3432 2361 3693 2451 parte).

1251 2472 1614 2547 Rosanoff
1657 2472 1702 2547 l.
1760 2497 1817 2549 e.
1876 2497 1941 2570 p.
2000 2477 2124 2564 66,
2183 2482 2228 2549 t.
2283 2473 2356 2548 II
2410 2475 2456 2548 f.
2513 2478 2763 2550 3-16
2822 2484 2895 2548 et
2945 2483 2991 2549 t.
3049 2472 3157 2548 111
3210 2474 3258 2547 f.
3322 2479 3384 2548 1.

737 2623 996 2699 Multis
1062 2624 1394 2721 algarum
1459 2624 1848 2723 speciebus
1916 2624 2365 2713 increscens,
2419 2627 2837 2702 normaliter
2888 2627 3222 2723 beneque
3277 2626 3570 2701 evoluta
3620 2627 3694 2701 in

420 2743 697 2842 planis,
759 2766 869 2818 ex,
938 2766 1048 2839 gr.
1118 2742 1627 2840 Rhodymenia
1690 2744 2017 2841 palmata
2069 2754 2141 2819 et
2194 2744 2542 2821 Chondro
2598 2746 2879 2844 crispo,
2936 2744 3130 2820 intra
3181 2745 3442 2821 taenias
3498 2753 3694 2819 exte·

420 2862 657 2938 riores
707 2861 939 2937 maris
992 2860 1493 2936 Babusiensis.

739 2977 1032 3055 Crustae
1084 3002 1299 3077 quam
1358 2979 1429 3053 in
1482 2980 1958 3075 sequentibus
2014 2980 2295 3056 duabus
2352 2978 2589 3054 minus
2625 2978 3094 3071 confluentes,
3134 2980 3411 3078 saepius
3445 2980 3700 3056 distin·

421 3111 591 3180 ctae:
676 3098 1001 3195 juniores
1065 3098 1170 3173 ita
1219 3098 1828 3184 membranaceae,
1887 3108 1964 3172 ut
2019 3098 2219 3173 color
2268 3096 2506 3195 ipsius
2563 3096 2885 3173 matricis
2938 3099 3416 3180 transluceat;
3496 3098 3697 3175 adul-

420 3219 649 3294 tiores
734 3216 979 3311 magis
1054 3216 1475 3291 incrustatae
1501 3274 1517 3306 ,
1600 3218 1754 3291 fere
1817 3215 2091 3293 inflatae
2156 3226 2229 3291 et
2280 3212 2596 3310 denique
2648 3217 2802 3290 fere
2860 3216 3210 3316 lapideae,
3277 3217 3700 3315 plerumque

422 3359 595 3412 vero
654 3336 992 3431 margine
1045 3334 1443 3410 crenulatae
1479 3343 1553 3408 et
1587 3334 1970 3410 obscurius
2006 3333 2460 3409 conceutrice
2499 3333 2811 3425 striatae,
2851 3334 3205 3410 diametro
3243 3338 3435 3409 1—3
3467 3334 3704 3410 lineas

422 3463 848 3552 aequantes,
886 3451 1198 3549 indeque
1234 3476 1327 3527 ex
1364 3452 1661 3545 nostris,
1703 3475 1866 3550 quae
1901 3452 1974 3527 in
2015 3452 2209 3548 algis
2248 3449 2613 3544 habitant,
2656 3476 2816 3528 cum
2855 3451 2949 3528 M.
2978 3451 3348 3550 pustulata
3386 3452 3705 3527 maxima
3758 3466 3762 3470 ’

423 3571 740 3670 species.
853 3570 1272 3646 Ceramidia
1324 3570 2201 3669 hemisphaerico·conica;
2267 3570 2671 3667 sporaugia
2736 3580 2781 3644 4
2834 3592 3095 3670 sporas
3163 3571 3501 3648 foventia.
3558 3570 3703 3646 Te·

421 3701 783 3789 trasporae
850 3688 1056 3785 (Ros.
1118 3690 1165 3762 l.
1222 3713 1282 3763 e.
1338 3698 1386 3763 t.
1439 3688 1548 3762 III
1599 3689 1648 3762 f.
1710 3693 1782 3784 1)
1836 3697 1911 3763 et
1961 3688 2368 3764 antheridia
2435 3687 2645 3785 (Ros.
2700 3688 2744 3763 l.
2802 3711 2861 3765 c.
2916 3697 2962 3765 t.
3013 3687 3088 3763 H
3139 3689 3186 3763 f.
3249 3694 3576 3785 14—15)
3632 3689 3704 3763 in

428 3810 563 3886 bac
621 3808 874 3907 specie
926 3808 1225 3882 inventa
1277 3816 1463 3882 sunt.

428 4161 495 4231 6.
600 4150 1185 4231 MELOBESIA
1253 4150 1589 4248 LeJolisii
1641 4150 2002 4225 Rosauoff
2045 4150 2094 4226 l.
2152 4174 2211 4228 c.
2267 4174 2337 4248 p.
2395 4155 2491 4226 62
2539 4160 2587 4226 t.
2643 4152 2680 4227 Ι
2729 4154 2780 4227 f.
2845 4155 3112 4229 1-12,

839 4315 937 4326 --
1262 4269 1819 4346 membranacea
1882 4268 2186 4345 Aresch.
2242 4269 2466 4369 Phyc.
2523 4293 2623 4347 sc.
2678 4293 2746 4367 p.
2812 4276 2852 4345 7
2911 4278 2985 4343 et
3037 4269 3109 4342 in
3166 4266 3242 4344 J.
3284 4268 3428 4363 Ag.
3484 4267 3608 4366 Sp.
3665 4269 3712 4343 l.

1260 4412 1318 4464 e.
1383 4413 1447 4486 p.
1514 4394 1653 4465 112
1709 4390 1987 4489 (quoad
2045 4389 2365 4487 plantam
2417 4388 2494 4462 in
2546 4388 2903 4484 Zostera).

745 4543 827 4616 In
876 4550 1182 4636 utraque
1235 4542 1514 4637 pagina
1545 4542 1702 4618 folii
1739 4544 2071 4619 Zosterae
2108 4541 2437 4632 marium,
2495 4563 2657 4616 cum
2695 4548 3048 4638 sequente
3087 4538 3338 4638 specie
3376 4561 3711 4638 saepenu-

432 4685 636 4739 mero
692 4655 1106 4760 promiscue
1161 4681 1525 4735 crescens.

741 4776 1020 4855 Habitu
1074 4800 1121 4851 a
1173 4789 1556 4872 sequente,
1613 4779 1730 4855 cui
1784 4779 2147 4876 proxima,
2202 4777 2444 4851 differt
2494 4776 2568 4850 in
2623 4798 2747 4861 eo,
2788 4772 3031 4871 quod
3009 4798 3083 4848 m
3113 4774 3426 4848 Zostera
3450 4755 3716 4848 format

435 4909 708 4999 puncta
761 4898 806 4976 l.
861 4903 1147 4972 crustas
1201 4917 1472 4992 parvas
1524 4897 2002 4988 orbiculares,
2074 4895 2378 4994 primum
2435 4893 2820 4969 distinctas
2871 4892 3183 4988 denique
3233 4889 3714 4981 confluentes,

423 5020 762 5116 juniores
834 5015 1126 5107 rubras,
1214 5014 1612 5091 adultiores
1689 5015 1856 5114 plus
1922 5014 2158 5090 miuus
2237 5013 2701 5088 albescentes
2768 5021 2866 5086 et,
2899 5011 3204 5100 fractas,
3276 5032 3419 5106 quo
3469 5009 3720 5085 folium

434 5138 770 5214 Zosterae
819 5131 1034 5228 quasi
1085 5130 1323 5207 farina
1375 5141 1933 5229 conspurcatum
1987 5132 2340 5207 videatur.
2444 5127 2866 5205 Ceramidia
2929 5127 3004 5202 in
3057 5126 3324 5202 crustis
3379 5148 3718 5203 numero-

436 5256 738 5332 sissima
793 5251 1166 5348 denseque
1225 5251 1764 5349 approximata,
1808 5272 2032 5347 quare
2087 5251 2157 5325 in
2209 5248 2479 5325 scholis
2531 5269 2696 5322 eam
2734 5244 3210 5323 Melobesiam
3248 5244 3722 5343 polycarpum
