4959 6367
1305 568 1355 637 4
2455 558 2527 636 J.
2579 559 2664 637 E.
2718 561 3223 652 Ammaous,

1206 765 1769 854 nominavimus,
1819 761 2836 860 deplanato-hemispliaerica3
2891 764 3294 860 sporangia
3341 765 3389 835 4
3442 783 3703 858 sporas
3733 761 4202 837 continentia.
4263 762 4478 837 Laci-

1210 884 1353 957 niae
1411 890 1675 958 crustae
1753 878 2201 978 marginales
2265 878 2510 976 potius
2577 880 2954 956 radialiter
3023 903 3239 976 quam
3293 879 3751 956 concentrice
3802 878 4084 955 striatae
4134 880 4182 962 l.
4238 880 4477 955 saltim

1210 1003 1516 1075 obscure
1570 1001 1864 1076 striatae.
1967 997 2133 1074 Sori
2187 1000 2715 1097 tetrasporiferi
2778 999 3094 1074 nondum
3147 1000 3440 1077 inventi.

1220 1327 1283 1396 7.
1390 1318 1973 1400 MELOBESIA
2025 1318 2353 1394 farinosa
2405 1317 3081 1396 Lamour.Aresch.
3140 1321 3182 1397 l.
3239 1346 3299 1397 c.
3330 1332 3397 1420 p.
3428 1325 3600 1397 512.
3659 1322 4015 1399 Rosanoff
4067 1322 4112 1396 l.
4166 1345 4224 1397 c.
4278 1344 4343 1418 p.
4384 1323 4480 1393 69

2023 1448 2071 1513 t
2125 1437 2233 1512 III
2286 1438 2333 1511 f.
2388 1440 2664 1524 2—13,
2717 1448 2764 1512 t.
2820 1437 2930 1513 IV
2981 1441 3025 1516 f.
3089 1442 3202 1514 10.

1522 1595 1771 1671 Variis
1824 1594 2052 1691 algis,
2109 1592 2515 1692 praesertim
2568 1614 2741 1666 vero
2792 1592 2989 1668 foliis
3041 1592 3371 1669 Zosterae
3423 1593 3725 1669 marinae
3789 1603 3864 1668 et
3913 1606 4082 1669 tunc
4138 1617 4282 1668 nou
4318 1614 4484 1667 raro

1218 1717 1290 1790 in
1358 1713 1844 1813 praecedentis
1924 1712 2276 1788 societate
2340 1710 2793 1800 increscens,
2877 1736 3044 1786 rara
3111 1735 3253 1788 non
3319 1722 3432 1787 est
3497 1713 3567 1786 in
3640 1712 3943 1788 sinubus
4021 1709 4485 1787 interioribus

1220 1835 1440 1909 maris
1493 1832 1993 1908 Bahusiensis.

1520 1951 2106 2048 Descriptionem
2189 1955 2513 2022 nostram
2592 1946 2638 2018 l.
2722 1969 2807 2030 c.‚
2885 1969 3100 2041 quam
3175 1946 3286 2020 ”la
3339 1947 3507 2044 plus
3563 1947 3862 2022 exact'e”
3917 1947 4316 2023 nominavit
4371 1944 4482 2021 Cl.

1218 2069 1593 2153 Rosanoff‚
1645 2067 1716 2142 in
1774 2066 2142 2141 meliorem
2200 2076 2475 2140 mutare
2505 2087 2669 2139 ·non
2721 2069 3134 2161 possumus.
3208 2063 3617 2140 Nonnullas
3653 2073 3896 2140 tamen
3933 2064 4486 2140 observationes

1221 2188 1492 2262 addere
1557 2187 1775 2267 lubet.
1881 2181 2149 2258 Crusta
2207 2183 2662 2259 concentrice
2728 2191 2996 2258 zonata
3048 2205 3179 2257 seu
3234 2181 3524 2274 striata,
3566 2185 3726 2280 jam
3782 2183 3854 2258 in
3908 2183 4142 2280 prima
4184 2183 4488 2257 infantia

1218 2303 1814 2381 flabelliformiter
1852 2325 2206 2398 expansa;
2266 2299 2530 2374 deinde
2570 2300 2781 2376 modo
2819 2301 3197 2389 laciniam,
3235 2300 3524 2375 laciniis
3560 2302 3633 2376 in
3664 2303 3966 2378 formam
4007 2300 4484 2377 orbicularem

1221 2424 1569 2521 expansis
1613 2433 1684 2495 et
1734 2420 2240 2505 lacinuliferis‚
2297 2442 2436 2516 quo
2489 2420 2569 2493 fit
2622 2419 3050 2494 orbicularis
3103 2429 3175 2494 et
3226 2420 3640 2505 imbricata,
3693 2419 3906 2496 modo
3959 2419 4487 2495 flabelliformis

1221 2551 1296 2617 et
1341 2537 2288 2629 subdichotomo-laciniata‚
2346 2538 2635 2613 laciniis
2685 2539 2837 2612 fere
2891 2536 3306 2611 linearibus.
3414 2537 3748 2634 Utraque
3801 2541 4033 2615 forma
4085 2562 4288 2635 saepe
4323 2561 4486 2636 pro-

1224 2661 1496 2734 miscue
1581 2656 1878 2744 crescit,
1947 2656 2076 2730 illa
2141 2656 2570 2748 ceramidia‚
2643 2665 2720 2731 ut
2797 2656 2871 2730 in
2950 2655 3355 2730 Melobesia
3435 2654 3773 2753 Lejolisii
3827 2656 4486 2755 deplanato-hemi-

1224 2776 1586 2874 sphaerica
1659 2798 1819 2849 cum
1901 2775 2320 2872 sporangiis
2385 2779 2432 2848 4
2487 2798 2747 2872 sporas
2802 2773 3362 2864 continentibus,
3418 2774 3580 2850 haec
3635 2799 3846 2851 soros
3896 2775 4489 2872 tetrasporiferos

1224 2897 1488 2970 ferens.
1595 2892 1855 2967 Talem
1939 2892 2183 2966 inveni
2265 2892 2624 2988 plantam,
2705 2915 2920 2987 quam
2988 2890 3081 2967 ad
3139 2890 3606 2967 Warholmen
3664 2904 3870 2968 extra
3922 2891 4485 2988 Gothoburgum

1223 3014 1408 3110 legit
1464 3034 1671 3088 soror
1724 3010 2042 3085 Domina
2096 3010 2168 3087 S.
2224 2986 2667 3103 Akermark,
2724 3035 2861 3086 nec
2912 3022 3365 3107 tetrasporas
3420 3010 3731 3086 vidimus
3785 3010 3859 3086 in
3913 3009 4204 3086 aliunde
4243 3033 4488 3106 repor-

1226 3132 1398 3207 tatis
1451 3128 1990 3228 speciminibus.

1200 3251 1205 3256 ’
1532 3249 1747 3322 Hanc
1801 3250 2125 3346 speciem
2174 3272 2340 3322 esse
2396 3250 2700 3323 formam
2756 3246 3184 3321 Melobesiae
3232 3245 3566 3343 Lejolisii
3619 3245 3742 3318 vix
3797 3245 3969 3320 mihi
4005 3246 4287 3344 fingere
4321 3271 4488 3346 pos-

1225 3391 1405 3443 sum.
1487 3367 1688 3442 Data
1746 3365 2138 3463 descriptio
2194 3389 2287 3439 ex
2340 3365 2862 3463 speciminibus
2914 3366 2986 3440 in
3041 3365 3348 3439 Zostera
3402 3362 3896 3439 crescentibus
3951 3365 4308 3441 exhausta
4356 3378 4486 3440 est.

1226 3485 1372 3562 Sed
1451 3508 1593 3559 non
1678 3485 1836 3559 sine
1919 3483 2362 3558 dubitatione
2430 3484 2617 3557 hanc
2695 3484 2997 3558 formam
3080 3484 3153 3558 in
3207 3483 3515 3558 Zostera
3566 3481 3662 3556 ad
3717 3506 3962 3557 veram
4016 3483 4486 3559 Melobesiam

1224 3606 1617 3678 salinosam
1700 3603 1968 3688 retem,
2047 3602 2289 3698 potius
2370 3602 2692 3699 speciem
2759 3602 3177 3677 distinctam
3254 3624 3414 3675 eam
3480 3601 3938 3676 Melobesz‘am
3990 3604 4492 3703 flabelliferam

1227 3722 1597 3796 nominare
1654 3720 1943 3811 vellem,
2003 3720 2144 3796 nisi
2192 3729 2443 3795 nostra
2480 3720 2571 3794 de
2609 3720 2994 3816 speciebus
3030 3718 3457 3794 Melobcsiae
3494 3719 3812 3816 cognitio
3850 3727 3994 3795 tam
4036 3745 4236 3817 vaga
4272 3732 4488 3796 essct.

2245 4021 3218 4108 LITHOTHAMNION
3273 4020 3469 4108 Phil.

2191 4212 2463 4279 Aresch.
2508 4214 2573 4279 in
2617 4214 2678 4279 J.
2725 4213 2852 4296 Ag.
2903 4231 3003 4295 sp.
3052 4211 3092 4276 l.
3141 4230 3229 4294 c.,
3293 4232 3353 4297 p.
3399 4213 3548 4276 519.

1234 4357 1295 4425 1.
1402 4348 2275 4425 LITHOTHAMNION
2327 4352 2736 4426 calcareum
2790 4349 2931 4424 Eu.
2974 4361 3046 4425 et
3084 4349 3233 4426 Sol.
3288 4393 3389 4404 —
3441 4347 3748 4423 Aresch.
3790 4348 3831 4423 l.
3873 4373 3937 4425 c.
3974 4373 4042 4447 p.
4086 4355 4257 4427 523.

1434 4525 1587 4578 var.
1622 4502 2103 4598 norvegicum.-
2137 4501 2603 4577 fruticiforme
2639 4502 2713 4576 in
2750 4501 2971 4576 fundo
3012 4501 3241 4574 libere
3266 4500 3568 4594 jacens,
3595 4500 3896 4574 ramulis
3933 4503 4284 4579 teretibus
4331 4506 4493 4580 sine

1432 4618 1682 4694 ordine
1732 4618 2012 4715 sparsis
2048 4618 2188 4692 huc
2225 4625 2299 4691 et
2335 4619 2507 4694 illuc
2545 4620 3046 4718 spectantibus
3101 4616 3316 4692 modo
3371 4617 3667 4692 remotis
3709 4617 3922 4693 modo
3962 4623 4486 4718 approximatis

1292 4731 1303 4742 “
1430 4737 1478 4811 l.
1543 4735 2128 4812 subfasciculatis
2208 4735 2664 4832 longitudine
2744 4735 3224 4834 inaequalibus
3296 4736 3339 4808 l.
3408 4736 3807 4832 fastigiatis
3872 4738 4060 4813 inter
4113 4763 4195 4815 se
4240 4741 4494 4817 liberis

1429 4855 1477 4929 l.
1533 4855 1685 4928 fere
1740 4855 2341 4940 coalescentibus,
2395 4856 2806 4931 ceramidiis
2870 4857 2940 4929 in
2997 4877 3355 4929 ramorum
3409 4855 3739 4951 apicibus
3803 4857 4389 4935 subincrassatis.

1531 4989 1613 5064 In
1702 4989 1884 5063 mari
1963 4977 2355 5086 norvegico
2433 5013 2661 5090 prope
2729 4988 3189 5087 Haugesund
3236 4988 3306 5062 in
3364 4989 3560 5063 exitu
3614 4992 4167 5089 septentrionali
4219 5003 4493 5092 portus,

1227 5107 1299 5181 in
1351 5105 1573 5181 fundo
1634 5109 1929 5181 10—15
1985 5131 2259 5208 orgyas
2313 5110 2457 5184 alto
2514 5109 3044 5185 stratiformiter
3098 5107 3438 5182 effusum:
3507 5107 3635 5182 Dr.
3691 5107 3866 5186 Veit
3918 5110 4317 5208 Wittrock‚
4374 5112 4494 5209 qui

1223 5225 1630 5321 specimina
1682 5225 2035 5301 benevole
2090 5228 2669 5305 communicavit.
