4959 6367
4567 12 4853 472 Ἶ

1525 1096 1789 1171 Planta
1825 1099 2228 1194 capillatis,
2297 1101 2686 1189 filiformis,
2744 1119 3067 1181 ramosa,
3121 1098 3400 1172 inferne
3437 1098 3768 1174 fistulosa
3806 1099 3850 1174 1.
3897 1122 4117 1189 cava,
4164 1121 4472 1198 superne

1219 1218 1383 1316 plus
1437 1215 1673 1290 minus
1703 1215 1957 1292 solida.
2017 1219 2262 1296 Strata
2290 1220 2466 1295 duo:
2509 1219 2828 1293 corticale
2855 1239 2897 1290 e
2925 1214 3207 1291 cellulis
3244 1215 3672 1307 minoribus,
3716 1217 3789 1291 in
3820 1218 4210 1315 superficie
4239 1230 4476 1295 rotun-

1222 1335 1419 1410 dato·
1473 1333 1518 1410 l.
1574 1333 2371 1432 angulato·quadratis;
2426 1341 2793 1410 internum
2846 1358 2889 1410 e
2945 1334 3371 1425 majoribus,
3431 1333 4055 1429 longitudinaliter
4111 1336 4474 1433 elongatis

1220 1461 1725 1527 constructum.
1832 1452 2046 1529 Rami
2126 1455 2527 1550 ramulique
2610 1475 2837 1549 usque
2899 1451 2968 1524 in
3027 1451 3307 1547 apicem
3364 1463 3759 1527 extremum
3813 1455 4176 1545 corticati,
4232 1457 4476 1532 inarti-

1221 1570 1458 1645 culati.
1565 1567 1960 1665 Vegetatio
2013 1573 2450 1657 terminalis,
2501 1571 2920 1646 cellularum
3006 1568 3454 1643 corticalium
3526 1583 3599 1642 et
3653 1569 4063 1647 interiorum
4122 1573 4477 1651 divisione

1220 1689 1500 1762 effecta.
1585 1687 2141 1785 Zoosporangia
2189 1690 2666 1765 unilocularia
2704 1711 2993 1785 sparsa,
3052 1687 3426 1778 immersa,
3474 1686 4014 1764 horizontaliter
4061 1691 4381 1790 elliptica
4432 1696 4474 1771 l.

1221 1816 1461 1898 ovata,
1520 1817 1724 1880 extra
1778 1807 1851 1880 in
1906 1809 2292 1905 superficie
2334 1809 2607 1907 plantae
2659 1806 2969 1901 denique
3028 1802 3409 1894 denudata,
3468 1805 3907 1882 orbicularia
3959 1808 4002 1881 l.
4061 1811 4380 1908 elliptica
4407 1822 4478 1887 et

1221 1949 1353 2021 per
1405 1947 1657 2023 porum
1710 1925 2334 2025 phaeozoosporas
2388 1925 2805 2001 emittentia.

1516 2043 1633 2118 Ab
1684 2045 1924 2141 priore
1979 2066 2251 2140 genere
2305 2044 2440 2119 hoc
2496 2065 2939 2140 magnopere
2994 2040 3264 2115 diflert:
3320 2063 3677 2115 ramorum
3734 2044 4064 2140 apicibus
4118 2069 4478 2142 nunquam

1218 2161 1650 2244 articulatis,
1735 2162 2296 2260 zoosporangiis
2376 2163 2691 2260 sparsis,
2784 2183 3144 2255 nunquam
3199 2159 3270 2232 in
3329 2158 3652 2233 maculas
3719 2183 3850 2235 seu
3903 2185 4112 2237 soros
4165 2164 4476 2239 indeter-

1217 2281 1510 2354 minatae
1561 2279 2008 2355 extensionis
2061 2279 2287 2353 dense
2341 2280 2897 2378 approximatiS‚
2956 2278 3346 2364 immersis,
3402 2299 3538 2351 nec
3586 2276 3862 2352 directa
3915 2283 4477 2379 metamorphosi

1216 2398 1633 2472 cellularum
1714 2399 1918 2473 strati
2000 2397 2368 2473 corticalis
2434 2398 2868 2472 exteriarum
2923 2396 3213 2470 exortis.
3321 2395 3468 2471 Sed
3524 2395 3660 2469 hoc
3713 2397 3786 2470 in
3841 2420 4115 2493 genere
4169 2421 4480 2497 zoospo-

1217 2516 1479 2612 raugia
1528 2516 2001 2592 unilocularia
2065 2517 2461 2590 formantur
2514 2539 2606 2589 ex
2659 2515 2942 2589 cellulis
2997 2514 3424 2611 quibusdam
3479 2514 3970 2600 interioribus,
4025 2517 4359 2611 quoniam
4400 2513 4474 2593 in

1222 2633 1587 2711 nonnullis
1641 2633 2027 2731 speciebus
2081 2657 2190 2707 ex.
2232 2658 2341 2730 gr.
2381 2632 2839 2732 Dictyosiph.
2882 2632 3308 2729 hippuroide
3363 2641 3436 2706 et
3489 2631 3943 2729 Dictyosiph.
3982 2635 4480 2711 foeniculaceo

1216 2761 1319 2850 (et
1370 2754 1618 2828 forsan
1670 2752 1743 2825 in
1794 2752 2154 2847 omnibns)
2212 2751 2414 2825 initio
2464 2775 2510 2825 a
2560 2761 2786 2826 strato
2843 2749 3166 2823 corticali
3221 2758 3412 2825 tecta
3466 2758 3651 2840 sunt,
3691 2772 4121 2847 quamquam
4163 2753 4479 2851 denique

1218 2870 1670 2947 denudantur
1734 2869 1806 2943 in
1873 2869 2144 2967 plantae
2213 2869 2621 2967 superficie.
2729 2867 3079 2942 Immersa
3133 2879 3301 2943 sunt
3359 2890 3686 2965 semper3
3740 2869 3813 2942 in
3867 2871 4188 2945 sectione
4241 2879 4480 2948 trans-

1214 2989 1482 3064 versali
1561 2987 2105 3063 horizontaliter
2184 2987 2538 3084 elliptica,
2622 3009 2810 3061 nunc
2894 2993 3194 3060 stratum
3263 2987 3615 3061 internum
3684 2987 4059 3078 intrantia,
4142 3013 4329 3066 nunc
4404 2993 4479 3067 in

1210 3117 1440 3183 strato
1518 3105 1847 3180 corticali
1929 3105 2266 3180 densiore
2320 3105 2590 3190 locata,
2671 3116 2748 3177 ut
2827 3101 3073 3178 forsan
3145 3105 3560 3179 normaliter
3615 3105 3687 3178 in
3742 3109 4158 3203 subg-encre
4218 3108 4471 3185 Coilo-

1214 3234 1516 3301 nemate.
1624 3224 2234 3322 Pbaeozoosporae
2289 3246 2427 3298 non
2486 3223 2557 3296 in
2614 3220 2945 3297 omnibus
2995 3223 3198 3297 visae.
3929 3220 3939 3228 ’

1321 555 1415 627 26
2463 549 2535 626 J.
2590 550 2673 626 E.
2731 551 3228 641 Ansscuouo‚

1818 853 2664 941 DICTYOSIPIION
2731 853 2954 938 Grev-
3011 855 3323 941 Aresch.
3376 855 3425 939 l.
3482 885 3541 939 c.
3595 881 3663 966 p.
3716 858 3883 942 132.

1474 3432 1528 3493 1.
1608 3426 1885 3510 Subgen.
1962 3429 2441 3513 Dictyosz‘phon:
2511 3423 2780 3508 Species
2841 3426 3148 3510 majores,
3205 3426 3639 3510 longissimae,
3708 3426 4294 3507 tenui-filiformes,
4343 3448 4478 3495 non

1612 3531 2028 3613 gelatinosae,
2076 3531 2235 3596 rami
2286 3527 2643 3611 ramulique
2691 3527 2831 3593 basi
2879 3548 3004 3593 non
3054 3530 3398 3611 attenuati3
3457 3527 3706 3595 cellulae
3751 3530 3938 3595 strati
3985 3531 4310 3596 corticalis
4359 3533 4480 3598 mi·

1612 3651 1832 3713 nores3
1888 3634 2366 3717 zoosporangia
2424 3630 2844 3696 unilocularia
2889 3632 2954 3696 in
3003 3631 3344 3716 superficie
3390 3633 3630 3717 plantae
3676 3631 3999 3715 sphaerica
4046 3634 4083 3698 l.
4126 3634 4478 3718 longitudi-

1610 3734 1843 3800 naliter
1889 3734 2201 3819 elliptica,
2245 3734 2590 3809 distantia,
2638 3753 2888 3818 sparsa.
3030 3733 3036 3738 ’

1217 4028 1275 4096 1.
1384 4021 2155 4099 DICTYOSIPHON
2208 4023 2677 4120 hippuroides
2732 4021 3084 4121 (Lyngb.)

1512 4225 1778 4298 Planta
1856 4248 2085 4320 usque
2163 4225 2406 4321 pedali
2488 4226 2945 4299 fuscescente
3026 4222 3262 4297 solida
3331 4223 3373 4298 l.
3443 4224 3721 4300 inferne
3776 4228 4275 4318 subfistulosa,
4328 4229 4482 4302 filis

1206 4343 1572 4437 primariis
1622 4342 1787 4439 plus
1841 4343 2075 4418 minus
2129 4343 2356 4418 dense
2420 4343 2761 4432 ramosis,
2819 4342 3042 4416 ramis
3097 4342 3672 4439 subaequilongis
3725 4346 4043 4420 ramulos
4097 4345 4308 4443 primi
4358 4368 4481 4419 se-

1207 4459 1566 4555 cundique
1615 4459 1890 4535 ordinis
1942 4484 2245 4558 sparsos
2284 4461 2777 4559 portantibus,
2843 4461 3124 4535 cellulis
3161 4461 3370 4534 strati
3425 4462 3787 4537 corticalis
3844 4464 4005 4537 basi
4059 4462 4480 4539 horizonta-

1205 4578 1369 4652 liter
1444 4578 1735 4653 seriatis
1790 4579 2349 4654 endochromate
2403 4579 2721 4673 largiore
2774 4579 2977 4653 fusco
3032 4578 3329 4675 repletis
3383 4602 3694 4677 superne
3749 4581 4130 4668 solitariis,
4188 4579 4483 4653 cellulis

1204 4696 1415 4770 strati
1468 4696 1728 4770 interni
1799 4696 2022 4772 validi
2077 4697 2545 4795 amplioribus
2597 4705 2671 4771 et
2717 4720 2757 4770 e
2803 4697 3218 4770 membrana
3281 4699 3642 4773 crassiore
3698 4698 4165 4786 constructis,
4223 4697 4480 4793 phaeo·

1204 4835 1723 4910 zoosporarum
1780 4814 1948 4890 cilio
2000 4815 2283 4911 postico
2339 4815 2687 4890 invisibili
2741 4824 2815 4890 et
2866 4813 3176 4910 granulo
3232 4814 3516 4890 laterali
3571 4818 3641 4891 in
3697 4817 3977 4892 mediis.

1509 4986 1991 5083 Scytosipbon
2047 4987 2518 5085 hippuroides
2570 4987 2856 5084 Lyngb.
2911 4985 3141 5084 Hydr.
3195 5011 3263 5084 p.
3325 4992 3418 5063 63
3468 4989 3611 5063 tab.
3672 4995 3764 5062 14
3797 4989 3877 5062 Β.
3909 4989 4061 5084 (fig.
4092 4989 4474 5085 pessima).

1713 5148 1792 5161 —-
2061 5111 2510 5180 tomentosus
2574 5104 2726 5204 (Fl.
2780 5103 3024 5199 Dan.).
3083 5104 3370 5202 Lyngb.
3426 5106 3471 5179 l.
3526 5129 3587 5181 c.
3643 5131 3713 5205 p,
3762 5112 3877 5184 62.

1718 5233 1823 5278 '—
2071 5223 2503 5298 ramellosus
2554 5221 2624 5298 J.
2679 5222 2819 5317 Ag.
2877 5222 3058 5297 NoV.
3118 5247 3227 5295 ex.
3286 5223 3430 5317 alg.
3484 5226 3654 5299 fam.
3708 5250 3777 5322 p.
3842 5229 3950 5299 16'.
