<?xml version="1.0" encoding="UTF-8"?>
<!DOCTYPE html PUBLIC "-//W3C//DTD XHTML 1.0 Transitional//EN"
    "http://www.w3.org/TR/xhtml1/DTD/xhtml1-transitional.dtd">
<html xmlns="http://www.w3.org/1999/xhtml" xml:lang="en" lang="en">
 <head>
  <title>
</title>
<meta http-equiv="Content-Type" content="text/html;charset=utf-8" />
  <meta name='ocr-system' content='tesseract 3.04.00' />
  <meta name='ocr-capabilities' content='ocr_page ocr_carea ocr_par ocr_line ocrx_word'/>
</head>
<body>
  <div class='ocr_page' id='page_1' title='image "./novaactaregiaes01uppsgoog_0044.png"; bbox 0 0 4959 6367; ppageno 0'>
   <div class='ocr_carea' id='block_1_1' title="bbox 1330 543 3251 637">
    <p class='ocr_par' dir='ltr' id='par_1_1' title="bbox 1330 543 3251 637">
     <span class='ocr_line' id='line_1_1' title="bbox 1330 543 3251 637; baseline 0.002 -18"><span class='ocrx_word' id='word_1_1' title='bbox 1330 549 1426 619; x_wconf 83' lang='lat'>30</span> <span class='ocrx_word' id='word_1_2' title='bbox 2483 543 2554 621; x_wconf 78' lang='grc'>,1.</span> <span class='ocrx_word' id='word_1_3' title='bbox 2605 546 2693 619; x_wconf 85' lang='lat' dir='ltr'>E.</span> <span class='ocrx_word' id='word_1_4' title='bbox 2746 546 3251 637; x_wconf 76' lang='lat' dir='ltr'>Anascnono‚</span> 
     </span>
    </p>
   </div>
   <div class='ocr_carea' id='block_1_2' title="bbox 1301 747 4505 960">
    <p class='ocr_par' dir='ltr' id='par_1_2' title="bbox 1301 747 4505 960">
     <span class='ocr_line' id='line_1_2' title="bbox 1301 747 4505 852; baseline 0.003 -30"><span class='ocrx_word' id='word_1_5' title='bbox 1301 751 1441 822; x_wconf 74' lang='lat' dir='ltr'>32to</span> <span class='ocrx_word' id='word_1_6' title='bbox 1534 747 1727 822; x_wconf 84' lang='lat' dir='ltr'>binae</span> <span class='ocrx_word' id='word_1_7' title='bbox 1780 771 1967 821; x_wconf 88' lang='lat' dir='ltr'>nunc</span> <span class='ocrx_word' id='word_1_8' title='bbox 2022 748 2451 826; x_wconf 74' lang='lat' dir='ltr'>rotundatas.</span> <span class='ocrx_word' id='word_1_9' title='bbox 2513 773 2701 825; x_wconf 89' lang='lat' dir='ltr'>nunc</span> <span class='ocrx_word' id='word_1_10' title='bbox 2753 753 3006 826; x_wconf 81' lang='lat' dir='ltr'>ovales</span> <span class='ocrx_word' id='word_1_11' title='bbox 3057 754 3454 849; x_wconf 89' lang='lat' dir='ltr'>rostrisque</span> <span class='ocrx_word' id='word_1_12' title='bbox 3493 776 3876 840; x_wconf 73' lang='lat' dir='ltr'>connexae,</span> <span class='ocrx_word' id='word_1_13' title='bbox 3923 751 4052 829; x_wconf 84' lang='lat' dir='ltr'>se’d</span> <span class='ocrx_word' id='word_1_14' title='bbox 4093 778 4348 852; x_wconf 80' lang='lat' dir='ltr'>paucae</span> <span class='ocrx_word' id='word_1_15' title='bbox 4387 763 4505 849; x_wconf 91' lang='lat' dir='ltr'>(ut</span> 
     </span>
     <span class='ocr_line' id='line_1_3' title="bbox 1536 863 2315 960; baseline 0.003 -22"><span class='ocrx_word' id='word_1_16' title='bbox 1536 865 1605 938; x_wconf 93' lang='lat' dir='ltr'>in</span> <span class='ocrx_word' id='word_1_17' title='bbox 1667 865 1809 939; x_wconf 89' lang='lat' dir='ltr'>tab.</span> <span class='ocrx_word' id='word_1_18' title='bbox 1867 863 1975 938; x_wconf 93' lang='lat' dir='ltr'>III</span> <span class='ocrx_word' id='word_1_19' title='bbox 2032 865 2159 960; x_wconf 87' lang='lat' dir='ltr'>fig.</span> <span class='ocrx_word' id='word_1_20' title='bbox 2221 870 2315 960; x_wconf 81' lang='lat'>7).</span> 
     </span>
    </p>
   </div>
   <div class='ocr_carea' id='block_1_3' title="bbox 1229 1016 4495 1469">
    <p class='ocr_par' dir='ltr' id='par_1_3' title="bbox 1229 1016 4495 1469">
     <span class='ocr_line' id='line_1_4' title="bbox 1536 1016 4495 1122; baseline 0.003 -29"><span class='ocrx_word' id='word_1_21' title='bbox 1536 1018 1843 1093; x_wconf 91' lang='lat' dir='ltr'>Postero</span> <span class='ocrx_word' id='word_1_22' title='bbox 1896 1016 2014 1090; x_wconf 88' lang='lat' dir='ltr'>die</span> <span class='ocrx_word' id='word_1_23' title='bbox 2072 1017 2250 1091; x_wconf 88' lang='lat' dir='ltr'>hora</span> <span class='ocrx_word' id='word_1_24' title='bbox 2304 1020 2410 1094; x_wconf 88' lang='lat' dir='ltr'>XI</span> <span class='ocrx_word' id='word_1_25' title='bbox 2464 1044 2529 1096; x_wconf 92' lang='lat' dir='ltr'>a.</span> <span class='ocrx_word' id='word_1_26' title='bbox 2583 1046 2674 1095; x_wconf 91' lang='lat' dir='ltr'>m.</span> <span class='ocrx_word' id='word_1_27' title='bbox 2730 1021 3004 1117; x_wconf 86' lang='lat' dir='ltr'>pluries</span> <span class='ocrx_word' id='word_1_28' title='bbox 3059 1023 3469 1096; x_wconf 80' lang='lat' dir='ltr'>observatae</span> <span class='ocrx_word' id='word_1_29' title='bbox 3514 1024 3800 1099; x_wconf 89' lang='lat' dir='ltr'>fuerunt</span> <span class='ocrx_word' id='word_1_30' title='bbox 3852 1026 4044 1101; x_wconf 81' lang='lat' dir='ltr'>binae</span> <span class='ocrx_word' id='word_1_31' title='bbox 4097 1026 4495 1122; x_wconf 78' lang='lat' dir='ltr'>copulatae,</span> 
     </span>
     <span class='ocr_line' id='line_1_5' title="bbox 1230 1135 4493 1235; baseline 0.003 -24"><span class='ocrx_word' id='word_1_32' title='bbox 1230 1138 1483 1212; x_wconf 88' lang='lat' dir='ltr'>rostris</span> <span class='ocrx_word' id='word_1_33' title='bbox 1546 1136 1756 1211; x_wconf 87' lang='lat' dir='ltr'>valde</span> <span class='ocrx_word' id='word_1_34' title='bbox 1824 1135 2187 1231; x_wconf 87' lang='lat' dir='ltr'>elongatis</span> <span class='ocrx_word' id='word_1_35' title='bbox 2259 1141 2373 1234; x_wconf 90' lang='lat' dir='ltr'>(ut</span> <span class='ocrx_word' id='word_1_36' title='bbox 2425 1138 2496 1210; x_wconf 92' lang='lat' dir='ltr'>in</span> <span class='ocrx_word' id='word_1_37' title='bbox 2553 1140 2693 1214; x_wconf 88' lang='lat' dir='ltr'>tab.</span> <span class='ocrx_word' id='word_1_38' title='bbox 2749 1138 2857 1213; x_wconf 90' lang='grc' dir='ltr'>ΠΙ</span> <span class='ocrx_word' id='word_1_39' title='bbox 2909 1137 3035 1234; x_wconf 88' lang='lat' dir='ltr'>fig.</span> <span class='ocrx_word' id='word_1_40' title='bbox 3084 1142 3270 1233; x_wconf 77' lang='lat' dir='ltr'>9a.).</span> <span class='ocrx_word' id='word_1_41' title='bbox 3328 1163 3629 1235; x_wconf 87' lang='lat' dir='ltr'>quarum</span> <span class='ocrx_word' id='word_1_42' title='bbox 3683 1142 3757 1216; x_wconf 91' lang='lat' dir='ltr'>in</span> <span class='ocrx_word' id='word_1_43' title='bbox 3810 1144 4173 1219; x_wconf 76' lang='lat' dir='ltr'>nonnullis</span> <span class='ocrx_word' id='word_1_44' title='bbox 4245 1148 4493 1221; x_wconf 90' lang='lat' dir='ltr'>obser-</span> 
     </span>
     <span class='ocr_line' id='line_1_6' title="bbox 1229 1255 4492 1357; baseline 0.003 -28"><span class='ocrx_word' id='word_1_45' title='bbox 1229 1266 1468 1329; x_wconf 88' lang='lat' dir='ltr'>vatum</span> <span class='ocrx_word' id='word_1_46' title='bbox 1522 1257 1653 1330; x_wconf 89' lang='lat' dir='ltr'>fuit</span> <span class='ocrx_word' id='word_1_47' title='bbox 1699 1255 1772 1329; x_wconf 90' lang='lat' dir='ltr'>in</span> <span class='ocrx_word' id='word_1_48' title='bbox 1829 1255 2278 1329; x_wconf 81' lang='lat' dir='ltr'>extremitate</span> <span class='ocrx_word' id='word_1_49' title='bbox 2335 1255 2675 1331; x_wconf 86' lang='lat' dir='ltr'>inferiore</span> <span class='ocrx_word' id='word_1_50' title='bbox 2733 1257 3325 1354; x_wconf 83' lang='lat' dir='ltr'>phaeozoosporae</span> <span class='ocrx_word' id='word_1_51' title='bbox 3362 1258 3697 1335; x_wconf 79' lang='lat' dir='ltr'>femineae</span> <span class='ocrx_word' id='word_1_52' title='bbox 3735 1261 3883 1336; x_wconf 87' lang='lat' dir='ltr'>tubi</span> <span class='ocrx_word' id='word_1_53' title='bbox 3940 1264 4492 1357; x_wconf 79' lang='lat' dir='ltr'>germinationis</span> 
     </span>
     <span class='ocr_line' id='line_1_7' title="bbox 1230 1372 2372 1469; baseline 0.002 -23"><span class='ocrx_word' id='word_1_54' title='bbox 1230 1372 1694 1469; x_wconf 84' lang='lat' dir='ltr'>primordium</span> <span class='ocrx_word' id='word_1_55' title='bbox 1750 1396 2071 1448; x_wconf 78' lang='lat' dir='ltr'>verrucae</span> <span class='ocrx_word' id='word_1_56' title='bbox 2125 1374 2372 1449; x_wconf 86' lang='lat' dir='ltr'>instar.</span> 
     </span>
    </p>
   </div>
   <div class='ocr_carea' id='block_1_4' title="bbox 1231 1675 3127 1781">
    <p class='ocr_par' dir='ltr' id='par_1_4' title="bbox 1231 1675 3127 1781">
     <span class='ocr_line' id='line_1_8' title="bbox 1231 1675 3127 1781; baseline 0.003 -32"><span class='ocrx_word' id='word_1_57' title='bbox 1231 1680 1299 1749; x_wconf 85' lang='grc'>2.</span> <span class='ocrx_word' id='word_1_58' title='bbox 1404 1675 2171 1753; x_wconf 82' lang='lat' dir='ltr'>DIC&#39;PYOSIPHON</span> <span class='ocrx_word' id='word_1_59' title='bbox 2221 1678 2759 1754; x_wconf 86' lang='lat' dir='ltr'>foeniculaceus</span> <span class='ocrx_word' id='word_1_60' title='bbox 2814 1679 3127 1781; x_wconf 91' lang='lat' dir='ltr'>(Huds.).</span> 
     </span>
    </p>
   </div>
   <div class='ocr_carea' id='block_1_5' title="bbox 1223 1879 4489 2594">
    <p class='ocr_par' dir='ltr' id='par_1_5' title="bbox 1223 1879 4489 2594">
     <span class='ocr_line' id='line_1_9' title="bbox 1537 1879 4489 1978; baseline 0.001 -23"><span class='ocrx_word' id='word_1_61' title='bbox 1537 1879 1801 1955; x_wconf 81' lang='lat' dir='ltr'>Planta</span> <span class='ocrx_word' id='word_1_62' title='bbox 1880 1904 2112 1976; x_wconf 91' lang='lat' dir='ltr'>usque</span> <span class='ocrx_word' id='word_1_63' title='bbox 2192 1880 2533 1978; x_wconf 84' lang='lat' dir='ltr'>tripedali</span> <span class='ocrx_word' id='word_1_64' title='bbox 2601 1881 3401 1957; x_wconf 85' lang='lat' dir='ltr'>olivaceo-flavescente</span> <span class='ocrx_word' id='word_1_65' title='bbox 3457 1881 3734 1955; x_wconf 88' lang='lat' dir='ltr'>inferne</span> <span class='ocrx_word' id='word_1_66' title='bbox 3788 1882 4489 1959; x_wconf 88' lang='lat' dir='ltr'>fistuloso-tubulosa</span> 
     </span>
     <span class='ocr_line' id='line_1_10' title="bbox 1228 1999 4488 2097; baseline 0.001 -23"><span class='ocrx_word' id='word_1_67' title='bbox 1228 2023 1539 2097; x_wconf 81' lang='lat' dir='ltr'>superne</span> <span class='ocrx_word' id='word_1_68' title='bbox 1602 2000 1767 2097; x_wconf 90' lang='lat' dir='ltr'>plus</span> <span class='ocrx_word' id='word_1_69' title='bbox 1833 2000 2067 2074; x_wconf 90' lang='lat' dir='ltr'>minus</span> <span class='ocrx_word' id='word_1_70' title='bbox 2132 1999 2371 2074; x_wconf 87' lang='lat' dir='ltr'>solida</span> <span class='ocrx_word' id='word_1_71' title='bbox 2426 2001 3348 2096; x_wconf 86' lang='lat' dir='ltr'>elongato-ramosissima,</span> <span class='ocrx_word' id='word_1_72' title='bbox 3428 2001 3651 2074; x_wconf 88' lang='lat' dir='ltr'>ramis</span> <span class='ocrx_word' id='word_1_73' title='bbox 3705 2002 4006 2077; x_wconf 80' lang='lat' dir='ltr'>alternis</span> <span class='ocrx_word' id='word_1_74' title='bbox 4060 2003 4110 2076; x_wconf 92' lang='lat' dir='ltr'>l.</span> <span class='ocrx_word' id='word_1_75' title='bbox 4168 2025 4488 2077; x_wconf 88' lang='lat' dir='ltr'>nonnun-</span> 
     </span>
     <span class='ocr_line' id='line_1_11' title="bbox 1228 2117 4485 2218; baseline 0.002 -27"><span class='ocrx_word' id='word_1_76' title='bbox 1228 2141 1440 2214; x_wconf 87' lang='lat' dir='ltr'>quam</span> <span class='ocrx_word' id='word_1_77' title='bbox 1495 2119 1851 2215; x_wconf 89' lang='lat' dir='ltr'>oppositis</span> <span class='ocrx_word' id='word_1_78' title='bbox 1916 2119 2222 2214; x_wconf 89' lang='lat' dir='ltr'>repetite</span> <span class='ocrx_word' id='word_1_79' title='bbox 2295 2117 2715 2201; x_wconf 88' lang='lat' dir='ltr'>ramulosis.</span> <span class='ocrx_word' id='word_1_80' title='bbox 2780 2118 3067 2194; x_wconf 90' lang='lat' dir='ltr'>cellulis</span> <span class='ocrx_word' id='word_1_81' title='bbox 3121 2119 3329 2194; x_wconf 91' lang='lat' dir='ltr'>strati</span> <span class='ocrx_word' id='word_1_82' title='bbox 3392 2118 3757 2193; x_wconf 87' lang='lat' dir='ltr'>corticalis</span> <span class='ocrx_word' id='word_1_83' title='bbox 3816 2120 4055 2193; x_wconf 89' lang='lat' dir='ltr'>tenuis</span> <span class='ocrx_word' id='word_1_84' title='bbox 4108 2121 4358 2218; x_wconf 89' lang='lat' dir='ltr'>parvis</span> <span class='ocrx_word' id='word_1_85' title='bbox 4411 2122 4485 2196; x_wconf 94' lang='lat' dir='ltr'>in</span> 
     </span>
     <span class='ocr_line' id='line_1_12' title="bbox 1226 2235 4484 2337; baseline 0.001 -27"><span class='ocrx_word' id='word_1_86' title='bbox 1226 2236 1607 2333; x_wconf 84' lang='lat' dir='ltr'>superficie</span> <span class='ocrx_word' id='word_1_87' title='bbox 1637 2235 2388 2332; x_wconf 62' lang='lat' dir='ltr'>tragulam-quadratis</span> <span class='ocrx_word' id='word_1_88' title='bbox 2416 2237 2459 2309; x_wconf 90' lang='lat' dir='ltr'>l.</span> <span class='ocrx_word' id='word_1_89' title='bbox 2477 2235 2878 2312; x_wconf 84' lang='lat' dir='ltr'>rotundatis</span> <span class='ocrx_word' id='word_1_90' title='bbox 2909 2237 3469 2312; x_wconf 89' lang='lat' dir='ltr'>endochromate</span> <span class='ocrx_word' id='word_1_91' title='bbox 3489 2236 3682 2310; x_wconf 86' lang='lat' dir='ltr'>tenui</span> <span class='ocrx_word' id='word_1_92' title='bbox 3700 2235 4140 2312; x_wconf 88' lang='lat' dir='ltr'>flavescente</span> <span class='ocrx_word' id='word_1_93' title='bbox 4166 2239 4484 2337; x_wconf 86' lang='lat' dir='ltr'>repletis,</span> 
     </span>
     <span class='ocr_line' id='line_1_13' title="bbox 1227 2352 4482 2451; baseline 0.002 -23"><span class='ocrx_word' id='word_1_94' title='bbox 1227 2355 1508 2429; x_wconf 89' lang='lat' dir='ltr'>cellulis</span> <span class='ocrx_word' id='word_1_95' title='bbox 1558 2358 1763 2429; x_wconf 88' lang='lat' dir='ltr'>strati</span> <span class='ocrx_word' id='word_1_96' title='bbox 1814 2354 2073 2429; x_wconf 87' lang='lat' dir='ltr'>interni</span> <span class='ocrx_word' id='word_1_97' title='bbox 2128 2363 2202 2427; x_wconf 91' lang='lat' dir='ltr'>et</span> <span class='ocrx_word' id='word_1_98' title='bbox 2258 2352 2605 2428; x_wconf 87' lang='lat' dir='ltr'>tenuioris</span> <span class='ocrx_word' id='word_1_99' title='bbox 2657 2355 3208 2451; x_wconf 84' lang='lat' dir='ltr'>angustioribus</span> <span class='ocrx_word' id='word_1_100' title='bbox 3240 2379 3281 2429; x_wconf 91' lang='lat' dir='ltr'>e</span> <span class='ocrx_word' id='word_1_101' title='bbox 3313 2356 3731 2430; x_wconf 86' lang='lat' dir='ltr'>membrana</span> <span class='ocrx_word' id='word_1_102' title='bbox 3758 2357 4080 2431; x_wconf 86' lang='lat' dir='ltr'>tenuiore</span> <span class='ocrx_word' id='word_1_103' title='bbox 4110 2366 4482 2433; x_wconf 91' lang='lat' dir='ltr'>construc-</span> 
     </span>
     <span class='ocr_line' id='line_1_14' title="bbox 1223 2471 4485 2594; baseline 0.002 -47"><span class='ocrx_word' id='word_1_104' title='bbox 1223 2475 1349 2558; x_wconf 88' lang='lat' dir='ltr'>tis,</span> <span class='ocrx_word' id='word_1_105' title='bbox 1390 2473 2117 2570; x_wconf 85' lang='lat' dir='ltr'>phaeozoosporarum</span> <span class='ocrx_word' id='word_1_106' title='bbox 2156 2482 2453 2569; x_wconf 88' lang='lat' dir='ltr'>utroque</span> <span class='ocrx_word' id='word_1_107' title='bbox 2492 2471 2657 2546; x_wconf 91' lang='lat' dir='ltr'>cilio</span> <span class='ocrx_word' id='word_1_108' title='bbox 2701 2472 2972 2547; x_wconf 88' lang='lat' dir='ltr'>visibili</span> <span class='ocrx_word' id='word_1_109' title='bbox 3003 2483 3076 2547; x_wconf 91' lang='lat' dir='ltr'>et</span> <span class='ocrx_word' id='word_1_110' title='bbox 3111 2475 3417 2569; x_wconf 88' lang='lat' dir='ltr'>granulo</span> <span class='ocrx_word' id='word_1_111' title='bbox 3453 2473 3736 2594; x_wconf 63' lang='lat' dir='ltr'>laterali</span> <span class='ocrx_word' id='word_1_112' title='bbox 3775 2474 3844 2546; x_wconf 91' lang='lat' dir='ltr'>in</span> <span class='ocrx_word' id='word_1_113' title='bbox 3887 2473 4221 2550; x_wconf 87' lang='lat' dir='ltr'>inferiore</span> <span class='ocrx_word' id='word_1_114' title='bbox 4260 2489 4485 2573; x_wconf 86' lang='lat' dir='ltr'>parte.</span> 
     </span>
    </p>
   </div>
   <div class='ocr_carea' id='block_1_6' title="bbox 1528 2624 4484 3076">
    <p class='ocr_par' dir='ltr' id='par_1_6' title="bbox 1528 2624 4484 3076">
     <span class='ocr_line' id='line_1_15' title="bbox 1528 2624 4484 2724; baseline 0.001 -22"><span class='ocrx_word' id='word_1_115' title='bbox 1528 2625 2012 2724; x_wconf 86' lang='lat' dir='ltr'>Scytosiphon</span> <span class='ocrx_word' id='word_1_116' title='bbox 2096 2625 2634 2699; x_wconf 84' lang='lat' dir='ltr'>foeniculaceus</span> <span class='ocrx_word' id='word_1_117' title='bbox 2714 2624 3033 2720; x_wconf 68' lang='lat' dir='ltr'>(kinds).</span> <span class='ocrx_word' id='word_1_118' title='bbox 3118 2625 3407 2722; x_wconf 85' lang='lat' dir='ltr'>Lyngb.</span> <span class='ocrx_word' id='word_1_119' title='bbox 3466 2624 3697 2723; x_wconf 88' lang='lat' dir='ltr'>Hydr.</span> <span class='ocrx_word' id='word_1_120' title='bbox 3772 2650 3840 2721; x_wconf 90' lang='lat' dir='ltr'>p.</span> <span class='ocrx_word' id='word_1_121' title='bbox 3908 2630 4001 2700; x_wconf 81' lang='lat'>63</span> <span class='ocrx_word' id='word_1_122' title='bbox 4069 2630 4215 2702; x_wconf 90' lang='lat' dir='ltr'>tab.</span> <span class='ocrx_word' id='word_1_123' title='bbox 4301 2627 4484 2704; x_wconf 67' lang='lat'>140</span> 
     </span>
     <span class='ocr_line' id='line_1_16' title="bbox 1531 2743 4481 2960; baseline 0 -25"><span class='ocrx_word' id='word_1_124' title='bbox 1531 2862 2063 2958; x_wconf 88' lang='lat' dir='ltr'>Dictyosiphon</span> <span class='ocrx_word' id='word_1_125' title='bbox 2094 2743 2965 2960; x_wconf 42' lang='lat' dir='ltr'>gxilggiagegss32·(excl‚</span> <span class='ocrx_word' id='word_1_126' title='bbox 2995 2860 3095 2958; x_wconf 94' lang='lat' dir='ltr'>b.)</span> <span class='ocrx_word' id='word_1_127' title='bbox 3130 2860 3432 2937; x_wconf 88' lang='lat' dir='ltr'>Areseh.</span> <span class='ocrx_word' id='word_1_128' title='bbox 3465 2861 3687 2959; x_wconf 88' lang='lat' dir='ltr'>Phyc.</span> <span class='ocrx_word' id='word_1_129' title='bbox 3714 2885 3813 2938; x_wconf 90' lang='lat' dir='ltr'>sc.</span> <span class='ocrx_word' id='word_1_130' title='bbox 3843 2837 4014 2936; x_wconf 81' lang='lat' dir='ltr'>mar.</span> <span class='ocrx_word' id='word_1_131' title='bbox 4030 2885 4096 2959; x_wconf 90' lang='lat' dir='ltr'>p.</span> <span class='ocrx_word' id='word_1_132' title='bbox 4134 2866 4271 2936; x_wconf 84' lang='lat'>148</span> <span class='ocrx_word' id='word_1_133' title='bbox 4336 2864 4481 2937; x_wconf 81' lang='lat' dir='ltr'>tab.</span> 
     </span>
     <span class='ocr_line' id='line_1_17' title="bbox 2092 2966 3691 3076; baseline 0.001 -26"><span class='ocrx_word' id='word_1_134' title='bbox 2092 2983 2154 3055; x_wconf 81' lang='grc'>7.</span> <span class='ocrx_word' id='word_1_135' title='bbox 2216 3024 2310 3035; x_wconf 89' lang='grc'><strong>-</strong></span> <span class='ocrx_word' id='word_1_136' title='bbox 2346 2979 2520 3076; x_wconf 89' lang='lat' dir='ltr'>Alg.</span> <span class='ocrx_word' id='word_1_137' title='bbox 2575 3001 2674 3054; x_wconf 90' lang='lat' dir='ltr'>sc.</span> <span class='ocrx_word' id='word_1_138' title='bbox 2731 3000 2883 3053; x_wconf 81' lang='lat' dir='ltr'>exs.</span> <span class='ocrx_word' id='word_1_139' title='bbox 2938 3002 3005 3054; x_wconf 91' lang='lat' dir='ltr'>n.</span> <span class='ocrx_word' id='word_1_140' title='bbox 3069 2983 3212 3054; x_wconf 86' lang='lat'>103</span> <span class='ocrx_word' id='word_1_141' title='bbox 3269 2991 3343 3054; x_wconf 90' lang='lat' dir='ltr'>et</span> <span class='ocrx_word' id='word_1_142' title='bbox 3399 3006 3464 3058; x_wconf 95' lang='lat' dir='ltr'>n.</span> <span class='ocrx_word' id='word_1_143' title='bbox 3524 2966 3691 3055; x_wconf 82' lang='lat'>31&#39;9.</span> 
     </span>
    </p>
   </div>
   <div class='ocr_carea' id='block_1_7' title="bbox 1215 3131 4485 5360">
    <p class='ocr_par' dir='ltr' id='par_1_7' title="bbox 1220 3131 4485 3822">
     <span class='ocr_line' id='line_1_18' title="bbox 1533 3131 4485 3232; baseline -0 -25"><span class='ocrx_word' id='word_1_144' title='bbox 1533 3134 1771 3208; x_wconf 89' lang='lat' dir='ltr'>Variis</span> <span class='ocrx_word' id='word_1_145' title='bbox 1837 3133 2032 3228; x_wconf 87' lang='lat' dir='ltr'>algis</span> <span class='ocrx_word' id='word_1_146' title='bbox 2100 3132 2505 3229; x_wconf 85' lang='lat' dir='ltr'>praesertim</span> <span class='ocrx_word' id='word_1_147' title='bbox 2590 3133 3353 3232; x_wconf 83' lang='lat' dir='ltr'>phaeozoosporaceis‚</span> <span class='ocrx_word' id='word_1_148' title='bbox 3432 3142 3508 3207; x_wconf 87' lang='lat' dir='ltr'>ut</span> <span class='ocrx_word' id='word_1_149' title='bbox 3574 3131 3893 3209; x_wconf 83' lang='lat' dir='ltr'>Chordae</span> <span class='ocrx_word' id='word_1_150' title='bbox 3954 3132 4485 3229; x_wconf 82' lang='lat' dir='ltr'>flagelliformi‚</span> 
     </span>
     <span class='ocr_line' id='line_1_19' title="bbox 1223 3250 4481 3351; baseline -0.001 -23"><span class='ocrx_word' id='word_1_151' title='bbox 1223 3251 1630 3351; x_wconf 86' lang='lat' dir='ltr'>Scytosiph.</span> <span class='ocrx_word' id='word_1_152' title='bbox 1671 3251 2129 3343; x_wconf 88' lang='lat' dir='ltr'>lomentario,</span> <span class='ocrx_word' id='word_1_153' title='bbox 2187 3250 2563 3350; x_wconf 83' lang='lat' dir='ltr'>Phyllitidi</span> <span class='ocrx_word' id='word_1_154' title='bbox 2597 3252 2918 3346; x_wconf 83' lang='lat' dir='ltr'>Fasciae,</span> <span class='ocrx_word' id='word_1_155' title='bbox 2960 3251 3277 3329; x_wconf 85' lang='lat' dir='ltr'>Chordae</span> <span class='ocrx_word' id='word_1_156' title='bbox 3313 3251 3511 3344; x_wconf 90' lang='lat' dir='ltr'>Filo,</span> <span class='ocrx_word' id='word_1_157' title='bbox 3550 3252 3767 3327; x_wconf 90' lang='lat' dir='ltr'>immo</span> <span class='ocrx_word' id='word_1_158' title='bbox 3797 3251 4321 3348; x_wconf 86' lang='lat' dir='ltr'>Phloeosporae</span> <span class='ocrx_word' id='word_1_159' title='bbox 4357 3251 4481 3324; x_wconf 88' lang='lat' dir='ltr'>ad-</span> 
     </span>
     <span class='ocr_line' id='line_1_20' title="bbox 1223 3368 4483 3461; baseline 0 -17"><span class='ocrx_word' id='word_1_160' title='bbox 1223 3380 1465 3461; x_wconf 76' lang='lat' dir='ltr'>ustus,</span> <span class='ocrx_word' id='word_1_161' title='bbox 1521 3393 1679 3445; x_wconf 88' lang='lat' dir='ltr'>cum</span> <span class='ocrx_word' id='word_1_162' title='bbox 1750 3369 1841 3442; x_wconf 92' lang='lat' dir='ltr'>ad</span> <span class='ocrx_word' id='word_1_163' title='bbox 1898 3392 2097 3454; x_wconf 85' lang='lat' dir='ltr'>oram</span> <span class='ocrx_word' id='word_1_164' title='bbox 2153 3368 2665 3445; x_wconf 82' lang='lat' dir='ltr'>Scandinaviae</span> <span class='ocrx_word' id='word_1_165' title='bbox 2719 3380 2942 3446; x_wconf 89' lang='lat' dir='ltr'>totam</span> <span class='ocrx_word' id='word_1_166' title='bbox 2998 3369 3520 3445; x_wconf 88' lang='lat' dir='ltr'>occidentalem</span> <span class='ocrx_word' id='word_1_167' title='bbox 3575 3381 3718 3445; x_wconf 89' lang='lat' dir='ltr'>tum</span> <span class='ocrx_word' id='word_1_168' title='bbox 3775 3372 3848 3445; x_wconf 91' lang='lat' dir='ltr'>in</span> <span class='ocrx_word' id='word_1_169' title='bbox 3914 3370 4094 3446; x_wconf 86' lang='lat' dir='ltr'>mari</span> <span class='ocrx_word' id='word_1_170' title='bbox 4147 3370 4483 3444; x_wconf 88' lang='lat' dir='ltr'>orientali</span> 
     </span>
     <span class='ocr_line' id='line_1_21' title="bbox 1222 3488 4484 3586; baseline -0 -22"><span class='ocrx_word' id='word_1_171' title='bbox 1222 3513 1450 3586; x_wconf 89' lang='lat' dir='ltr'>nsque</span> <span class='ocrx_word' id='word_1_172' title='bbox 1505 3488 1597 3562; x_wconf 89' lang='lat' dir='ltr'>ad</span> <span class='ocrx_word' id='word_1_173' title='bbox 1652 3489 1951 3573; x_wconf 77' lang='lat' dir='ltr'>Dalaro,</span> <span class='ocrx_word' id='word_1_174' title='bbox 2010 3488 2375 3585; x_wconf 83' lang='lat' dir='ltr'>praecipue</span> <span class='ocrx_word' id='word_1_175' title='bbox 2426 3488 2498 3561; x_wconf 93' lang='lat' dir='ltr'>in</span> <span class='ocrx_word' id='word_1_176' title='bbox 2555 3489 3021 3564; x_wconf 89' lang='lat' dir='ltr'>interioribus</span> <span class='ocrx_word' id='word_1_177' title='bbox 3077 3489 3402 3578; x_wconf 85' lang='lat' dir='ltr'>sinubus,</span> <span class='ocrx_word' id='word_1_178' title='bbox 3458 3490 3641 3564; x_wconf 92' lang='lat' dir='ltr'>locis</span> <span class='ocrx_word' id='word_1_179' title='bbox 3694 3490 3992 3565; x_wconf 89' lang='lat' dir='ltr'>vadosis</span> <span class='ocrx_word' id='word_1_180' title='bbox 4047 3490 4373 3585; x_wconf 89' lang='lat' dir='ltr'>vulgaris</span> <span class='ocrx_word' id='word_1_181' title='bbox 4412 3497 4484 3563; x_wconf 89' lang='lat' dir='ltr'>et</span> 
     </span>
     <span class='ocr_line' id='line_1_22' title="bbox 1223 3605 4482 3705; baseline -0 -23"><span class='ocrx_word' id='word_1_182' title='bbox 1223 3632 1422 3705; x_wconf 79' lang='lat' dir='ltr'>saepe</span> <span class='ocrx_word' id='word_1_183' title='bbox 1474 3609 1547 3681; x_wconf 92' lang='lat' dir='ltr'>in</span> <span class='ocrx_word' id='word_1_184' title='bbox 1602 3607 1951 3682; x_wconf 80' lang='lat' dir='ltr'>societate</span> <span class='ocrx_word' id='word_1_185' title='bbox 2005 3607 2562 3703; x_wconf 79' lang='lat' dir='ltr'>Phloeosporae3</span> <span class='ocrx_word' id='word_1_186' title='bbox 2634 3605 2726 3680; x_wconf 90' lang='lat' dir='ltr'>dc</span> <span class='ocrx_word' id='word_1_187' title='bbox 2780 3618 3022 3682; x_wconf 90' lang='lat' dir='ltr'>cetero</span> <span class='ocrx_word' id='word_1_188' title='bbox 3071 3607 3346 3703; x_wconf 89' lang='lat' dir='ltr'>lapillis</span> <span class='ocrx_word' id='word_1_189' title='bbox 3402 3608 3839 3704; x_wconf 83' lang='lat' dir='ltr'>conchisque</span> <span class='ocrx_word' id='word_1_190' title='bbox 3893 3608 4306 3683; x_wconf 84' lang='lat' dir='ltr'>innascens.</span> <span class='ocrx_word' id='word_1_191' title='bbox 4414 3607 4482 3681; x_wconf 89' lang='lat' dir='ltr'>A</span> 
     </span>
     <span class='ocr_line' id='line_1_23' title="bbox 1220 3724 3994 3822; baseline 0 -22"><span class='ocrx_word' id='word_1_192' title='bbox 1220 3749 1470 3801; x_wconf 88' lang='lat' dir='ltr'>mense</span> <span class='ocrx_word' id='word_1_193' title='bbox 1522 3724 1785 3799; x_wconf 89' lang='lat' dir='ltr'>Martio</span> <span class='ocrx_word' id='word_1_194' title='bbox 1844 3748 2073 3821; x_wconf 87' lang='lat' dir='ltr'>usque</span> <span class='ocrx_word' id='word_1_195' title='bbox 2125 3726 2197 3798; x_wconf 90' lang='lat' dir='ltr'>in</span> <span class='ocrx_word' id='word_1_196' title='bbox 2247 3724 2782 3820; x_wconf 78' lang='lat' dir='ltr'>Septembrem:</span> <span class='ocrx_word' id='word_1_197' title='bbox 2837 3748 3085 3800; x_wconf 87' lang='lat' dir='ltr'>mense</span> <span class='ocrx_word' id='word_1_198' title='bbox 3139 3725 3336 3822; x_wconf 89' lang='lat' dir='ltr'>Majo</span> <span class='ocrx_word' id='word_1_199' title='bbox 3391 3725 3661 3822; x_wconf 89' lang='lat' dir='ltr'>optime</span> <span class='ocrx_word' id='word_1_200' title='bbox 3713 3726 3994 3821; x_wconf 90' lang='lat' dir='ltr'>vigens.</span> 
     </span>
    </p>

    <p class='ocr_par' dir='ltr' id='par_1_8' title="bbox 1215 3842 4484 5360">
     <span class='ocr_line' id='line_1_24' title="bbox 1524 3842 4484 3940; baseline -0 -23"><span class='ocrx_word' id='word_1_201' title='bbox 1524 3843 1796 3918; x_wconf 88' lang='lat' dir='ltr'>Habitu</span> <span class='ocrx_word' id='word_1_202' title='bbox 1850 3851 1924 3916; x_wconf 91' lang='lat' dir='ltr'>et</span> <span class='ocrx_word' id='word_1_203' title='bbox 1976 3842 2475 3938; x_wconf 90' lang='lat' dir='ltr'>magnitudine</span> <span class='ocrx_word' id='word_1_204' title='bbox 2513 3866 2673 3918; x_wconf 86' lang='lat' dir='ltr'>cum</span> <span class='ocrx_word' id='word_1_205' title='bbox 2713 3844 3214 3939; x_wconf 83' lang='lat' dir='ltr'>Phloeospora</span> <span class='ocrx_word' id='word_1_206' title='bbox 3249 3844 3351 3917; x_wconf 88' lang='lat' dir='ltr'>ita</span> <span class='ocrx_word' id='word_1_207' title='bbox 3388 3844 3752 3929; x_wconf 89' lang='lat' dir='ltr'>convenit,</span> <span class='ocrx_word' id='word_1_208' title='bbox 3789 3855 3864 3920; x_wconf 92' lang='lat' dir='ltr'>ut</span> <span class='ocrx_word' id='word_1_209' title='bbox 3900 3856 4200 3940; x_wconf 88' lang='lat' dir='ltr'>utraque</span> <span class='ocrx_word' id='word_1_210' title='bbox 4230 3844 4484 3940; x_wconf 87' lang='lat' dir='ltr'>planta</span> 
     </span>
     <span class='ocr_line' id='line_1_25' title="bbox 1219 3960 4478 4059; baseline 0 -25"><span class='ocrx_word' id='word_1_211' title='bbox 1219 3961 1513 4036; x_wconf 89' lang='lat' dir='ltr'>difficile</span> <span class='ocrx_word' id='word_1_212' title='bbox 1567 3963 2071 4057; x_wconf 83' lang='lat' dir='ltr'>distinguatur,</span> <span class='ocrx_word' id='word_1_213' title='bbox 2125 3961 2267 4035; x_wconf 92' lang='lat' dir='ltr'>nisi</span> <span class='ocrx_word' id='word_1_214' title='bbox 2322 3962 2533 4037; x_wconf 90' lang='lat' dir='ltr'>oculo</span> <span class='ocrx_word' id='word_1_215' title='bbox 2586 3973 2890 4041; x_wconf 86' lang='lat' dir='ltr'>armato:</span> <span class='ocrx_word' id='word_1_216' title='bbox 2947 3961 3167 4057; x_wconf 90' lang='lat' dir='ltr'>longe</span> <span class='ocrx_word' id='word_1_217' title='bbox 3223 3983 3398 4036; x_wconf 92' lang='lat' dir='ltr'>vero</span> <span class='ocrx_word' id='word_1_218' title='bbox 3436 3960 3804 4039; x_wconf 85' lang='lat' dir='ltr'>difficilius</span> <span class='ocrx_word' id='word_1_219' title='bbox 3852 3989 3898 4039; x_wconf 87' lang='lat' dir='ltr'>a</span> <span class='ocrx_word' id='word_1_220' title='bbox 3950 3964 4190 4059; x_wconf 91' lang='lat' dir='ltr'>priore</span> <span class='ocrx_word' id='word_1_221' title='bbox 4231 3961 4478 4056; x_wconf 90' lang='lat' dir='ltr'>specie</span> 
     </span>
     <span class='ocr_line' id='line_1_26' title="bbox 1219 4077 4481 4176; baseline -0 -24"><span class='ocrx_word' id='word_1_222' title='bbox 1219 4078 1687 4174; x_wconf 82' lang='lat' dir='ltr'>dignoscitur.</span> <span class='ocrx_word' id='word_1_223' title='bbox 1771 4077 1994 4154; x_wconf 86' lang='lat' dir='ltr'>Color</span> <span class='ocrx_word' id='word_1_224' title='bbox 2043 4088 2285 4154; x_wconf 89' lang='lat' dir='ltr'>tamen</span> <span class='ocrx_word' id='word_1_225' title='bbox 2329 4080 2569 4176; x_wconf 88' lang='lat' dir='ltr'>magis</span> <span class='ocrx_word' id='word_1_226' title='bbox 2609 4080 2679 4153; x_wconf 92' lang='lat' dir='ltr'>in</span> <span class='ocrx_word' id='word_1_227' title='bbox 2721 4077 3234 4153; x_wconf 88' lang='lat' dir='ltr'>flavescentem</span> <span class='ocrx_word' id='word_1_228' title='bbox 3273 4102 3611 4175; x_wconf 84' lang='lat' dir='ltr'>vergens,</span> <span class='ocrx_word' id='word_1_229' title='bbox 3633 4091 3708 4156; x_wconf 90' lang='lat' dir='ltr'>et</span> <span class='ocrx_word' id='word_1_230' title='bbox 3735 4082 3862 4155; x_wconf 88' lang='lat' dir='ltr'>fila</span> <span class='ocrx_word' id='word_1_231' title='bbox 3894 4080 4242 4155; x_wconf 89' lang='lat' dir='ltr'>tenuiora.</span> <span class='ocrx_word' id='word_1_232' title='bbox 4313 4078 4481 4154; x_wconf 81' lang='lat' dir='ltr'>Oel-</span> 
     </span>
     <span class='ocr_line' id='line_1_27' title="bbox 1219 4196 4482 4296; baseline 0 -26"><span class='ocrx_word' id='word_1_233' title='bbox 1219 4197 1390 4272; x_wconf 84' lang='lat' dir='ltr'>lulae</span> <span class='ocrx_word' id='word_1_234' title='bbox 1431 4199 1636 4273; x_wconf 87' lang='lat' dir='ltr'>strati</span> <span class='ocrx_word' id='word_1_235' title='bbox 1677 4198 2037 4273; x_wconf 90' lang='lat' dir='ltr'>corticalis</span> <span class='ocrx_word' id='word_1_236' title='bbox 2078 4200 2362 4274; x_wconf 87' lang='lat' dir='ltr'>circiter</span> <span class='ocrx_word' id='word_1_237' title='bbox 2393 4204 2437 4274; x_wconf 88' lang='lat'>5</span> <span class='ocrx_word' id='word_1_238' title='bbox 2466 4206 2698 4272; x_wconf 70' lang='lat' dir='ltr'>mcrmun</span> <span class='ocrx_word' id='word_1_239' title='bbox 2737 4197 3017 4293; x_wconf 81' lang='lat' dir='ltr'>longae,</span> <span class='ocrx_word' id='word_1_240' title='bbox 3057 4199 3429 4293; x_wconf 81' lang='lat' dir='ltr'>angulatae</span> <span class='ocrx_word' id='word_1_241' title='bbox 3464 4199 3509 4275; x_wconf 87' lang='lat' dir='ltr'>l.</span> <span class='ocrx_word' id='word_1_242' title='bbox 3548 4196 4482 4296; x_wconf 86' lang='lat' dir='ltr'>angulato·subquadratae‚</span> 
     </span>
     <span class='ocr_line' id='line_1_28' title="bbox 1217 4315 4482 4416; baseline 0 -28"><span class='ocrx_word' id='word_1_243' title='bbox 1217 4324 1291 4389; x_wconf 91' lang='lat' dir='ltr'>et</span> <span class='ocrx_word' id='word_1_244' title='bbox 1340 4315 1657 4391; x_wconf 90' lang='lat' dir='ltr'>minores</span> <span class='ocrx_word' id='word_1_245' title='bbox 1710 4340 1922 4413; x_wconf 91' lang='lat' dir='ltr'>quam</span> <span class='ocrx_word' id='word_1_246' title='bbox 2000 4317 2072 4391; x_wconf 92' lang='lat' dir='ltr'>in</span> <span class='ocrx_word' id='word_1_247' title='bbox 2139 4318 2379 4413; x_wconf 90' lang='lat' dir='ltr'>priore</span> <span class='ocrx_word' id='word_1_248' title='bbox 2444 4318 2713 4411; x_wconf 87' lang='lat' dir='ltr'>specie.</span> <span class='ocrx_word' id='word_1_249' title='bbox 2818 4316 2898 4389; x_wconf 90' lang='lat' dir='ltr'>In</span> <span class='ocrx_word' id='word_1_250' title='bbox 2955 4316 3388 4391; x_wconf 89' lang='lat' dir='ltr'>ramulorum</span> <span class='ocrx_word' id='word_1_251' title='bbox 3447 4319 3778 4416; x_wconf 86' lang='lat' dir='ltr'>apicibus</span> <span class='ocrx_word' id='word_1_252' title='bbox 3831 4338 4033 4411; x_wconf 82' lang='lat' dir='ltr'>saepe</span> <span class='ocrx_word' id='word_1_253' title='bbox 4088 4316 4482 4390; x_wconf 88' lang='lat' dir='ltr'>observan-</span> 
     </span>
     <span class='ocr_line' id='line_1_29' title="bbox 1217 4433 4477 4532; baseline -0.001 -24"><span class='ocrx_word' id='word_1_254' title='bbox 1217 4445 1331 4508; x_wconf 89' lang='lat' dir='ltr'>tur</span> <span class='ocrx_word' id='word_1_255' title='bbox 1394 4435 1521 4531; x_wconf 90' lang='lat' dir='ltr'>pili</span> <span class='ocrx_word' id='word_1_256' title='bbox 1588 4435 1862 4532; x_wconf 91' lang='lat' dir='ltr'>hyalini</span> <span class='ocrx_word' id='word_1_257' title='bbox 1928 4448 2000 4508; x_wconf 94' lang='lat' dir='ltr'>et</span> <span class='ocrx_word' id='word_1_258' title='bbox 2065 4437 2217 4508; x_wconf 89' lang='lat' dir='ltr'>fere</span> <span class='ocrx_word' id='word_1_259' title='bbox 2298 4434 2650 4531; x_wconf 88' lang='lat' dir='ltr'>oppositi,</span> <span class='ocrx_word' id='word_1_260' title='bbox 2727 4433 3009 4508; x_wconf 89' lang='lat' dir='ltr'>cellulis</span> <span class='ocrx_word' id='word_1_261' title='bbox 3074 4455 3206 4508; x_wconf 88' lang='lat' dir='ltr'>seu</span> <span class='ocrx_word' id='word_1_262' title='bbox 3260 4436 3585 4510; x_wconf 87' lang='lat' dir='ltr'>articulis</span> <span class='ocrx_word' id='word_1_263' title='bbox 3636 4434 3798 4510; x_wconf 87' lang='lat' dir='ltr'>basi</span> <span class='ocrx_word' id='word_1_264' title='bbox 3851 4433 4477 4520; x_wconf 84' lang='lat' dir='ltr'>subbrevioribus‚</span> 
     </span>
     <span class='ocr_line' id='line_1_30' title="bbox 1217 4551 4480 4650; baseline -0.001 -24"><span class='ocrx_word' id='word_1_265' title='bbox 1217 4575 1529 4650; x_wconf 88' lang='lat' dir='ltr'>superne</span> <span class='ocrx_word' id='word_1_266' title='bbox 1567 4569 1794 4648; x_wconf 89' lang='lat' dir='ltr'>usque</span> <span class='ocrx_word' id='word_1_267' title='bbox 1834 4553 2089 4647; x_wconf 84' lang='lat' dir='ltr'>25-plo</span> <span class='ocrx_word' id='word_1_268' title='bbox 2130 4552 2483 4627; x_wconf 88' lang='lat' dir='ltr'>diametro</span> <span class='ocrx_word' id='word_1_269' title='bbox 2508 4551 2981 4648; x_wconf 88' lang='lat' dir='ltr'>longioribus.</span> <span class='ocrx_word' id='word_1_270' title='bbox 3037 4552 3119 4625; x_wconf 92' lang='lat' dir='ltr'>In</span> <span class='ocrx_word' id='word_1_271' title='bbox 3169 4553 3408 4648; x_wconf 90' lang='lat' dir='ltr'>priore</span> <span class='ocrx_word' id='word_1_272' title='bbox 3446 4553 3695 4650; x_wconf 91' lang='lat' dir='ltr'>specie</span> <span class='ocrx_word' id='word_1_273' title='bbox 3733 4553 3805 4626; x_wconf 93' lang='lat' dir='ltr'>hi</span> <span class='ocrx_word' id='word_1_274' title='bbox 3842 4552 3969 4650; x_wconf 91' lang='lat' dir='ltr'>pili</span> <span class='ocrx_word' id='word_1_275' title='bbox 4013 4551 4254 4648; x_wconf 88' lang='lat' dir='ltr'>sparsi</span> <span class='ocrx_word' id='word_1_276' title='bbox 4283 4557 4480 4640; x_wconf 85' lang='lat' dir='ltr'>sunt,</span> 
     </span>
     <span class='ocr_line' id='line_1_31' title="bbox 1215 4668 4480 4767; baseline -0.002 -21"><span class='ocrx_word' id='word_1_277' title='bbox 1215 4681 1437 4746; x_wconf 87' lang='lat' dir='ltr'>totam</span> <span class='ocrx_word' id='word_1_278' title='bbox 1512 4671 1828 4767; x_wconf 84' lang='lat' dir='ltr'>plantam</span> <span class='ocrx_word' id='word_1_279' title='bbox 1898 4681 2214 4744; x_wconf 86' lang='lat' dir='ltr'>tomento</span> <span class='ocrx_word' id='word_1_280' title='bbox 2277 4669 2741 4745; x_wconf 87' lang='lat' dir='ltr'>obducentes.</span> <span class='ocrx_word' id='word_1_281' title='bbox 2850 4669 3355 4745; x_wconf 84' lang='lat' dir='ltr'>Tubnlationis</span> <span class='ocrx_word' id='word_1_282' title='bbox 3422 4670 3776 4746; x_wconf 88' lang='lat' dir='ltr'>diameter</span> <span class='ocrx_word' id='word_1_283' title='bbox 3841 4680 3957 4745; x_wconf 88' lang='lat' dir='ltr'>est</span> <span class='ocrx_word' id='word_1_284' title='bbox 4025 4670 4098 4743; x_wconf 90' lang='lat' dir='ltr'>in</span> <span class='ocrx_word' id='word_1_285' title='bbox 4166 4668 4480 4742; x_wconf 83' lang='lat' dir='ltr'>diversis</span> 
     </span>
     <span class='ocr_line' id='line_1_32' title="bbox 1216 4785 4477 4887; baseline -0.002 -23"><span class='ocrx_word' id='word_1_286' title='bbox 1216 4790 1732 4887; x_wconf 89' lang='lat' dir='ltr'>speciminibus</span> <span class='ocrx_word' id='word_1_287' title='bbox 1771 4800 1843 4863; x_wconf 90' lang='lat' dir='ltr'>et</span> <span class='ocrx_word' id='word_1_288' title='bbox 1880 4790 1949 4862; x_wconf 90' lang='lat' dir='ltr'>in</span> <span class='ocrx_word' id='word_1_289' title='bbox 1994 4788 2308 4861; x_wconf 89' lang='lat' dir='ltr'>diversis</span> <span class='ocrx_word' id='word_1_290' title='bbox 2348 4787 2675 4883; x_wconf 89' lang='lat' dir='ltr'>ejusdem</span> <span class='ocrx_word' id='word_1_291' title='bbox 2707 4788 2980 4884; x_wconf 85' lang='lat' dir='ltr'>plantae</span> <span class='ocrx_word' id='word_1_292' title='bbox 3018 4788 3342 4883; x_wconf 85' lang='lat' dir='ltr'>partibus</span> <span class='ocrx_word' id='word_1_293' title='bbox 3373 4790 3636 4865; x_wconf 82' lang='lat' dir='ltr'>eximie</span> <span class='ocrx_word' id='word_1_294' title='bbox 3663 4788 4057 4864; x_wconf 87' lang='lat' dir='ltr'>variabilis.</span> <span class='ocrx_word' id='word_1_295' title='bbox 4112 4785 4477 4860; x_wconf 85' lang='lat' dir='ltr'>Interdum</span> 
     </span>
     <span class='ocr_line' id='line_1_33' title="bbox 1218 4904 4476 4992; baseline -0.002 -10"><span class='ocrx_word' id='word_1_296' title='bbox 1218 4908 1504 4983; x_wconf 89' lang='lat' dir='ltr'>inflatur</span> <span class='ocrx_word' id='word_1_297' title='bbox 1540 4907 1790 4992; x_wconf 44' lang='lat' dir='ltr'>itasut</span> <span class='ocrx_word' id='word_1_298' title='bbox 1838 4907 2218 4981; x_wconf 88' lang='lat' dir='ltr'>reducatur</span> <span class='ocrx_word' id='word_1_299' title='bbox 2268 4912 2567 4980; x_wconf 87' lang='lat' dir='ltr'>stratum</span> <span class='ocrx_word' id='word_1_300' title='bbox 2609 4907 2963 4981; x_wconf 90' lang='lat' dir='ltr'>internum</span> <span class='ocrx_word' id='word_1_301' title='bbox 3006 4907 3080 4979; x_wconf 91' lang='lat' dir='ltr'>in</span> <span class='ocrx_word' id='word_1_302' title='bbox 3122 4915 3420 4981; x_wconf 87' lang='lat' dir='ltr'>stratum</span> <span class='ocrx_word' id='word_1_303' title='bbox 3463 4918 3710 4992; x_wconf 89' lang='lat' dir='ltr'>tenue,</span> <span class='ocrx_word' id='word_1_304' title='bbox 3765 4932 3812 4981; x_wconf 89' lang='lat' dir='ltr'>a</span> <span class='ocrx_word' id='word_1_305' title='bbox 3865 4915 4092 4982; x_wconf 87' lang='lat' dir='ltr'>strato</span> <span class='ocrx_word' id='word_1_306' title='bbox 4144 4904 4476 4980; x_wconf 88' lang='lat' dir='ltr'>corticali</span> 
     </span>
     <span class='ocr_line' id='line_1_34' title="bbox 1219 5022 4475 5119; baseline -0.001 -20"><span class='ocrx_word' id='word_1_307' title='bbox 1219 5026 1575 5100; x_wconf 89' lang='lat' dir='ltr'>obtectum</span> <span class='ocrx_word' id='word_1_308' title='bbox 1638 5035 1712 5100; x_wconf 89' lang='lat' dir='ltr'>et</span> <span class='ocrx_word' id='word_1_309' title='bbox 1746 5024 2256 5101; x_wconf 74' lang='lat' dir='ltr'>tabulationem</span> <span class='ocrx_word' id='word_1_310' title='bbox 2288 5023 2763 5099; x_wconf 87' lang='lat' dir='ltr'>circumdans.</span> <span class='ocrx_word' id='word_1_311' title='bbox 2838 5023 3200 5100; x_wconf 88' lang='lat' dir='ltr'>Interdum</span> <span class='ocrx_word' id='word_1_312' title='bbox 3230 5026 3299 5098; x_wconf 91' lang='lat' dir='ltr'>in</span> <span class='ocrx_word' id='word_1_313' title='bbox 3333 5025 3453 5098; x_wconf 82' lang='lat' dir='ltr'>axi</span> <span class='ocrx_word' id='word_1_314' title='bbox 3481 5026 4102 5101; x_wconf 85' lang='lat' dir='ltr'>tenui-fistulosus.</span> <span class='ocrx_word' id='word_1_315' title='bbox 4157 5022 4475 5119; x_wconf 86' lang='lat' dir='ltr'>Sporau·</span> 
     </span>
     <span class='ocr_line' id='line_1_35' title="bbox 1219 5140 4473 5240; baseline -0.001 -23"><span class='ocrx_word' id='word_1_316' title='bbox 1219 5144 1346 5239; x_wconf 87' lang='lat' dir='ltr'>gia</span> <span class='ocrx_word' id='word_1_317' title='bbox 1403 5145 1869 5219; x_wconf 89' lang='lat' dir='ltr'>unilocularia</span> <span class='ocrx_word' id='word_1_318' title='bbox 1922 5145 1993 5217; x_wconf 93' lang='lat' dir='ltr'>in</span> <span class='ocrx_word' id='word_1_319' title='bbox 2048 5143 2433 5239; x_wconf 88' lang='lat' dir='ltr'>superficie</span> <span class='ocrx_word' id='word_1_320' title='bbox 2475 5143 2746 5239; x_wconf 80' lang='lat' dir='ltr'>plantae</span> <span class='ocrx_word' id='word_1_321' title='bbox 2784 5144 3205 5240; x_wconf 90' lang='lat' dir='ltr'>plerumque</span> <span class='ocrx_word' id='word_1_322' title='bbox 3245 5143 3866 5239; x_wconf 89' lang='lat' dir='ltr'>longitudinaliter</span> <span class='ocrx_word' id='word_1_323' title='bbox 3932 5141 4288 5237; x_wconf 70' lang='lat' dir='ltr'>emptica,</span> <span class='ocrx_word' id='word_1_324' title='bbox 4342 5140 4473 5214; x_wconf 89' lang='lat' dir='ltr'>sed</span> 
     </span>
     <span class='ocr_line' id='line_1_36' title="bbox 1217 5260 4474 5360; baseline -0.002 -22"><span class='ocrx_word' id='word_1_325' title='bbox 1217 5285 1416 5359; x_wconf 84' lang='lat' dir='ltr'>saepe</span> <span class='ocrx_word' id='word_1_326' title='bbox 1499 5273 1572 5337; x_wconf 88' lang='lat' dir='ltr'>et</span> <span class='ocrx_word' id='word_1_327' title='bbox 1648 5262 2049 5360; x_wconf 78' lang='lat' dir='ltr'>sphaerica,</span> <span class='ocrx_word' id='word_1_328' title='bbox 2133 5262 2205 5334; x_wconf 91' lang='lat' dir='ltr'>in</span> <span class='ocrx_word' id='word_1_329' title='bbox 2291 5261 2612 5336; x_wconf 89' lang='lat' dir='ltr'>sectione</span> <span class='ocrx_word' id='word_1_330' title='bbox 2677 5284 2849 5336; x_wconf 85' lang='lat' dir='ltr'>vero</span> <span class='ocrx_word' id='word_1_331' title='bbox 2903 5261 3342 5336; x_wconf 88' lang='lat' dir='ltr'>transvesali</span> <span class='ocrx_word' id='word_1_332' title='bbox 3405 5272 3572 5336; x_wconf 88' lang='lat' dir='ltr'>sunt</span> <span class='ocrx_word' id='word_1_333' title='bbox 3628 5260 4173 5338; x_wconf 85' lang='lat' dir='ltr'>horizontaliter</span> <span class='ocrx_word' id='word_1_334' title='bbox 4226 5270 4474 5350; x_wconf 83' lang='lat' dir='ltr'>ovata,</span> 
     </span>
    </p>
   </div>
   <div class='ocr_carea' id='block_1_8' title="bbox 4926 2622 4929 3152">
    <p class='ocr_par' dir='ltr' id='par_1_9' title="bbox 4926 2622 4929 3152">
     <span class='ocr_line' id='line_1_37' title="bbox 4926 2622 4929 3152; baseline 0 0"><span class='ocrx_word' id='word_1_335' title='bbox 4926 2622 4929 3152; x_wconf 95' lang='lat' dir='ltr'> </span> 
     </span>
    </p>
   </div>
  </div>
 </body>
</html>
