4959 6367
1268 552 1365 622 24
2429 545 2501 622 J.
2556 547 2641 621 Ε.
2700 547 3201 637 Aasscnono,

1475 751 1780 827 Gratias
1838 750 2189 823 debemus
2243 751 2477 823 amico
2534 749 2690 823 Dri.
2721 749 3127 845 Kjellman,
3188 749 3311 843 qui
3353 749 3771 845 benigniter
3820 750 4192 823 concessit
4241 750 4454 824 nobis

1167 873 1237 945 in
1324 871 1752 945 charactere
1830 868 2129 963 generis
2214 868 2589 964 respicere
2648 879 3028 961 utramque
3094 891 3141 939 a
3193 890 3275 941 se
3332 867 3469 941 hoc
3523 868 3759 940 hieme
3812 868 4181 940 inventam
4236 867 4453 963 hujus

1166 988 1438 1085 speciei
1494 987 2141 1061 fructificationem.
2249 985 2424 1059 Sola
2476 985 2852 1081 sequentis
2908 986 3184 1080 speciei
3238 987 3784 1082 zoosporangia
3820 983 4250 1060 invenimus.

1466 1105 1754 1180 Ralfsia
1808 1114 2113 1179 extensa
2166 1103 2480 1178 Gronau.
2514 1101 2749 1177 F1.du
2779 1103 3138 1176 Finistere
3166 1105 3209 1178 1.
3242 1128 3300 1178 c.
3329 1105 3402 1179 in
3453 1116 3773 1179 nostram
3831 1103 4188 1199 speciem,
4241 1105 4447 1179 habi-

1166 1236 1310 1299 tum
1379 1225 1443 1298 si
1499 1223 1842 1320 respicis,
1926 1247 2068 1297 non
2150 1226 2336 1298 male
2392 1222 2732 1317 quadrat3
2802 1243 2893 1294 ex
2939 1221 3171 1294 altera
3226 1233 3463 1297 autem
3521 1231 3756 1319 parte,
3817 1223 4272 1319 ’'sporanges
4327 1247 4446 1320 cy·

1165 1342 1564 1438 lindriques
1641 1349 2002 1435 occupant
2062 1343 2130 1414 le
2198 1353 2441 1415 centre
2531 1340 2621 1413 de
2689 1340 2764 1413 la
2827 1340 3117 1429 fronde,
3191 1341 3620 1425 nombreuX,
3688 1345 3735 1411 a
3790 1342 3832 1412 8
3892 1340 4221 1423 articles,
4277 1361 4443 1413 con·

1163 1468 1411 1548 tenant
1457 1461 1734 1534 chacun
1788 1482 1928 1532 une
1984 1461 2266 1555 spore''‚
2336 1459 2561 1533 verba
2616 1471 2816 1548 sunt,
2874 1481 3040 1552 quae
3092 1459 3161 1531 in
3215 1468 3535 1533 nostram
3588 1456 3906 1554 plantam
3965 1481 4107 1532 non
4162 1457 4448 1532 cadant.

1167 1578 1245 1654 Si
1332 1588 1571 1652 autem
1628 1601 1890 1675 sporae,
1945 1602 2129 1673 quas
2176 1577 2602 1651 memoravit
2655 1575 2979 1663 Orouan,
3065 1586 3232 1650 sunt
3286 1575 3566 1670 globuli
3614 1598 3839 1672 supra
3895 1576 4266 1649 memorati
4323 1598 4445 1649 en-

1167 1697 1657 1774 dochromatis
1696 1697 1784 1776 ,in
1843 1694 2169 1770 articulis
2222 1693 2503 1767 filorum
2563 1694 3033 1783 verticalium‚
3080 1717 3201 1767 res
3257 1694 3618 1768 declarari
3673 1703 3933 1792 potest.

1171 2007 1235 2077 2.
1347 1999 2029 2076 LITHODERMA
2085 2000 2438 2074 fluviatile
2495 1998 2870 2075 Aresch.

1476 2172 1746 2248 Crusta
1807 2173 2083 2244 minore
2149 2172 2300 2244 fere
2365 2171 2840 2266 inconspicua
2914 2195 3139 2268 supra
3203 2173 3373 2247 laevi
3438 2193 3725 2267 semper
3787 2171 4218 2246 tenuissima
4292 2173 4444 2247 aeri

1166 2292 1504 2390 exposita
1557 2290 2010 2390 immutabili.

1471 2411 1557 2484 In
1624 2409 1895 2505 lapillis
1968 2409 2038 2481 in
2096 2409 2318 2482 fundo
2376 2406 3060 2503 arenoso-lapidoso
3114 2408 3428 2494 amnium
3488 2406 3837 2479 minorum
3896 2414 3970 2478 et
4022 2407 4445 2488 rivulorum,

1168 2554 1274 2603 ex.
1347 2553 1454 2623 gr.
1526 2528 1717 2601 infra
1782 2526 2128 2618 Qvarnbo
2209 2526 2371 2599 loco
2424 2548 2734 2600 arenoso
2800 2526 2871 2599 in
2954 2526 3119 2622 ipsa
3169 2526 3308 2598 lira
3361 2525 3597 2599 amnis
3645 2533 3717 2596 et
3770 2523 3864 2595 ad
3922 2523 4119 2597 Lilla
4174 2524 4442 2599 Ward-

1164 2660 1366 2724 satra
1417 2670 1642 2743 prope
1697 2646 1996 2729 Molam,
2079 2668 2212 2717 nec
2267 2644 2438 2717 alibi
2493 2644 2562 2718 in
2620 2653 2772 2718 tota
2825 2643 3091 2718 Svecia
3146 2667 3191 2716 a
3244 2643 3455 2716 nobis
3507 2642 3700 2715 lecta
3755 2652 3897 2734 est,
3957 2665 4092 2716 nec
4148 2644 4241 2717 ab
4296 2644 4443 2717 ullo

1167 2766 1344 2850 alio,
1399 2774 1740 2860 quantum
1794 2764 2082 2837 scimus.
2192 2762 2402 2835 Anno
2465 2766 2657 2836 1853
2708 2763 3014 2858 primum
3070 2762 3387 2834 inventa.
3494 2761 3913 2837 Aestivalis.

1474 2882 1662 2955 Tam
1745 2891 1941 2955 arcte
2030 2893 2145 2953 est
2214 2878 2460 2975 lapillo
2528 2879 2831 2969 adnata,
2889 2888 2965 2952 ut
3019 2879 3110 2953 de
3167 2875 3562 2975 praesent'ia
3618 2881 3777 2975 ejus
3831 2903 3971 2953 non
4026 2881 4264 2977 possit
4312 2882 4438 2956 tibi

1168 2999 1591 3096 persuaderi
1674 2999 1814 3072 nisi
1885 2998 2112 3071 cultro
2196 2997 2548 3086 adhibito,
2635 3020 2777 3092 quo
2860 2998 3167 3072 frustula
3247 2998 3733 3072 minutissima
3800 3000 4057 3074 abradi
4137 2999 4441 3095 possint.

1171 3119 1516 3194 Siccitate
1599 3141 1739 3191 non
1823 3125 2148 3191 mutatur.
2278 3115 2792 3211 Superficiales
2849 3103 3134 3189 cellulae
3197 3125 3364 3190 sunt
3426 3140 3555 3212 per
3621 3127 3845 3192 totam
3917 3120 4069 3192 fere
4125 3125 4435 3193 crustam

1171 3235 1749 3332 rectangulares,
1804 3235 1874 3307 in
1940 3235 2170 3308 series
2225 3233 2613 3321 ordinatae,
2672 3257 2833 3329 quae
2862 3235 2933 3307 in
2974 3234 3280 3309 lacinias
3321 3234 3766 3330 marginales
3795 3238 3841 3315 l.
3875 3236 4439 3332 prolificatioues

1168 3356 1713 3429 flabelliformes
1768 3352 2111 3428 arcuatim
2171 3353 2457 3434 intrant;
2514 3351 2928 3446 junioribus
2987 3353 3238 3427 stratis
3292 3377 3515 3450 supra
3554 3362 3806 3427 vetera
3858 3355 4227 3439 formatis,
4280 3353 4439 3428 haec

1170 3479 1529 3546 structura
1563 3471 1645 3544 fit
1682 3472 2058 3545 obscurior
2095 3480 2197 3562 et,
2265 3483 2341 3544 ut
2397 3472 2466 3543 in
2510 3470 2749 3565 priore
2791 3470 3073 3566 specie,
3113 3471 3381 3545 minute
3412 3471 4053 3570 parenchymatica
4089 3474 4162 3546 in
4199 3473 4442 3546 media

1170 3590 1436 3686 planta.
1524 3588 1767 3664 Sectio
1824 3602 2089 3663 crustae
2130 3587 2504 3662 verticalis
2558 3588 2877 3662 ostendit
2929 3589 3054 3662 fila
3111 3589 3491 3663 verticalia
3520 3613 3611 3662 ex
3639 3590 3962 3664 articulis
3992 3613 4120 3665 seu
4159 3592 4439 3668 cellulis

1174 3712 1404 3796 5—6‚
1472 3730 1634 3802 quae
1701 3708 1938 3782 nullos
2011 3706 2379 3780 includunt
2433 3706 2772 3801 globulos
2827 3707 3221 3796 centrales,
3307 3715 3742 3782 constructa.
3848 3708 3931 3782 In
3985 3709 4150 3805 ipsa
4195 3722 4440 3786 crusta

1170 3825 1411 3924 sparsi
1493 3838 1661 3898 sunt
1739 3827 1887 3900 sori
1967 3825 2387 3899 cellularum
2456 3826 2842 3921 majorum,
2910 3826 3259 3899 formatas
3326 3850 3586 3922 sporas
3636 3827 4182 3919 continentium,
4241 3853 4434 3926 quae,

1171 3956 1247 4019 ut
1295 3945 1837 4041 zoosporangia
1889 3944 2366 4018 unilocularia
2418 3941 2681 4039 prioris
2721 3941 3030 4038 speciei,
3071 3952 3344 4017 exortae
3382 3954 3546 4019 sunt
3581 3947 4216 4021 transformatione
4267 3950 4435 4022 arti-

1172 4064 1490 4138 culorum
1550 4064 1933 4160 apicalium
1992 4063 2272 4136 filorum
2331 4061 2796 4135 verticalium.
3333 4051 3350 4062 ⁴

1650 4499 1873 4582 P11L
1897 4498 2318 4584 OEOSPO
2342 4499 2488 4585 RA
2556 4496 2870 4585 Aresoh.
2925 4499 3090 4583 Bot.
3145 4497 3314 4581 Not.
3375 4498 3593 4583 1873.
3651 4527 3718 4610 p.
3779 4502 3926 4586 131.

1473 4743 1738 4816 Planta
1783 4744 2541 4839 capillari-filiformis,
2596 4744 2971 4838 elongata,
3020 4746 3550 4834 ramosissima,
3599 4748 3878 4822 inferne
3916 4748 4275 4838 fistulosa,
4317 4773 4433 4824 su-

1169 4886 1391 4959 perne
1438 4860 1693 4936 solida.
1806 4863 2048 4936 Strata
2101 4861 2270 4934 duo:
2331 4862 2651 4934 corticale
2718 4885 2789 4934 e·
2827 4861 3108 4935 cellulis
3188 4864 3617 4957 minoribus,
3680 4868 3751 4940 in
3818 4869 4201 4963 superficie
4265 4871 4431 4943 sub-

1168 4980 1540 5075 quadratis
1603 4980 1647 5052 1.
1704 4981 2371 5075 rectangularibus;
2425 4982 2788 5052 internum
2837 4978 3190 5067 validum,
3257 5004 3297 5054 e
3360 4985 3754 5078 majoribus
3817 4985 4436 5080 longitudinaliter

1168 5098 1561 5191 elongatis,
1631 5099 1698 5170 in
1756 5099 1875 5170 axi
1927 5099 2408 5172 crassioribus
2464 5119 2719 5170 versus
2781 5097 3263 5194 peripheriam
3317 5102 3584 5175 sensim
3655 5104 4197 5197 angustioribus
4265 5127 4432 5178 con-

1169 5222 1535 5287 structum.
1643 5215 1851 5289 Rami
1916 5217 2317 5314 ramulique
2384 5215 2595 5310 apice
2660 5215 2730 5287 in
2793 5216 3055 5290 seriem
3109 5218 3526 5293 cellularum
3583 5243 3712 5295 seu
3768 5220 4228 5319 articulorum
4281 5222 4431 5319 pilo
