4959 6367
1403 536 2043 614 OssssnvAnoNEs
2096 540 2690 616 PHYooroomAE.
3497 547 3589 618 19

406 740 787 815 nonnullas
841 742 1114 817 formas
1169 741 1673 832 intermedias,
1735 743 1807 816 ni
1860 742 2198 829 fallimur,
2253 767 2418 840 quae
2474 768 2635 820 eam
2675 746 3018 842 specifice
3060 744 3515 842 distinguere
3555 770 3690 820 nos

459 858 814 933 rohibeut.

405 883 453 955 p
731 977 892 1052 Obs.
1002 979 1081 1052 In
1145 979 1435 1074 Juniore
1495 977 1734 1052 stadio
1789 1002 2042 1053 omnes
2095 981 2247 1053 fere
2300 979 2705 1053 Elachistae
2772 979 3061 1075 species
3130 981 3419 1055 steriles
3486 990 3684 1073 sunt,

407 1106 636 1169 strato
704 1095 1204 1193 hypothallino
1273 1096 1560 1192 filisque
1627 1096 1879 1171 liberis
1934 1099 2088 1193 jam
2152 1098 2335 1171 bene
2391 1096 2734 1191 evolutis3
2799 1107 2967 1194 post
3034 1099 3171 1173 hoc
3233 1099 3357 1173 fila
3410 1098 3687 1172 minora

407 1238 535 1289 seu
604 1225 1080 1311 paranemata
1162 1226 1236 1289 et
1312 1215 1852 1312 zoosporangia
1931 1215 2213 1289 demum
2286 1215 2755 1313 explicantur.
2863 1218 3225 1293 Autumno
3280 1218 3586 1291 intrante
3639 1217 3684 1289 l.

405 1332 696 1428 longius
774 1341 1154 1428 provecto,
1227 1333 1354 1408 fila
1416 1333 1650 1408 libera
1718 1332 2184 1425 abjiciuntur,
2253 1333 2842 1431 paranematibus
2909 1358 3067 1408 cum
3123 1333 3682 1432 zoosporangiis

405 1450 880 1546 glomerulum
938 1452 1565 1550 hemispbaericnm
1602 1451 2076 1527 formantibus
2113 1452 2523 1548 (Elachista
2550 1451 2863 1546 globosa
2891 1433 3219 1550 Orsted).
3277 1454 3392 1527 De
3429 1463 3678 1528 cetero

410 1591 552 1643 non
607 1569 821 1643 modo
877 1592 1121 1644 earum
1178 1570 1504 1655 habitus,
1559 1570 1691 1644 scd
1751 1570 1964 1643 etiam
2022 1579 2565 1666 paranematum
2599 1577 2671 1643 et
2700 1572 3394 1665 zoosporangiorum
3434 1594 3680 1645 nume-

402 1709 526 1760 rus
581 1711 628 1760 a
681 1686 974 1762 diversa
1063 1689 1382 1763 matricis
1467 1698 1855 1774 structura,
1927 1688 2131 1762 fundi
2183 1688 2427 1761 indole
2484 1698 2557 1761 et
2609 1687 2788 1762 salis
2843 1689 3243 1784 quantitate
3298 1700 3465 1764 sunt
3518 1713 3666 1763 ma-

402 1828 728 1902 gnopere
784 1804 1317 1903 dependentes,
1400 1817 1477 1880 ut
1528 1808 1591 1880 si
1646 1808 1935 1907 specics
2005 1829 2455 1903 cognoscere
2535 1808 2758 1896 velis,
2836 1808 3079 1882 omnia
3132 1831 3377 1882 earnm
3434 1809 3678 1881 evolu-

400 1925 621 1999 tionis
675 1924 916 1999 stadia
970 1926 1115 1999 sint
1175 1925 1581 2021 sequenda,
1639 1925 1829 2021 quod
1893 1927 2137 2000 facere
2193 1948 2335 1999 non
2390 1927 2776 2022 potuimus.

1465 2397 2144 2483 CASTAGNEA
2207 2398 2426 2483 Derb.
2483 2399 2629 2483 Sol.

406 2651 467 2718 1.
577 2641 1199 2721 CAS'PAGNEA
1253 2640 1627 2713 virescens
1682 2636 1984 2735 (Carm.)
2039 2639 2338 2714 Thuret.

708 2856 893 2932 Haec
941 2854 1135 2951 apud
1190 2877 1324 2928 nos
1380 2850 1840 2926 multiformis
1895 2852 2331 2948 estplanta,
2385 2855 2596 2949 cujus
2648 2856 2921 2928 formas
2975 2851 3362 2927 nonnullas
3399 2850 3472 2924 in
3498 2851 3666 2945 Alg.

398 3002 500 3052 sc.
557 2999 712 3051 exs.
767 2973 1287 3064 distribuimus,
1344 2978 1727 3067 sperantes
1782 2978 1859 3041 ut
1913 2991 2042 3041 eas
2098 2969 2441 3066 specifice
2480 2970 2932 3065 distinguere
2973 2992 3380 3069 possemus.
3461 2968 3670 3042 Nunc

400 3119 607 3180 vero,
660 3116 888 3191 opera
942 3101 1016 3165 et
1070 3089 1231 3163 oleo
1289 3088 1628 3184 perditis,
1685 3086 2038 3183 plurimas
2104 3110 2350 3162 earum
2420 3087 2873 3184 Castagneae
2944 3087 3373 3163 virescentis
3437 3089 3670 3161 varie-

397 3226 590 3290 tates
661 3213 935 3286 habere
1009 3208 1356 3303 cogimur.
1476 3204 1618 3278 Est
1685 3205 1846 3279 haec
1910 3206 2200 3302 species
2257 3229 2516 3281 revera
2576 3209 2827 3303 planta
2892 3206 3239 3295 vernalis,
3296 3205 3670 3281 mensibus

395 3334 663 3431 Aprili,
730 3330 930 3425 Majo
986 3334 1059 3400 et
1108 3323 1331 3400 ‚Junio
1386 3323 1460 3397 i‘n
1513 3323 1735 3397 fundo
1791 3346 2100 3399 arenoso
2158 3325 2572 3399 conchifero
2629 3336 2702 3399 et
2757 3328 3009 3400 8-10
3045 3322 3275 3421 pedes
3332 3321 3666 3397 demerso

397 3453 688 3527 minime
750 3471 948 3530 rara,
1025 3441 1287 3517 deinde
1359 3464 1828 3518 evanescens.
1938 3442 2118 3517 Post
2171 3444 2310 3516 hoc
2363 3440 2565 3517 Julio
2622 3452 2696 3517 et
2748 3443 3086 3538 Augusto
3140 3441 3511 3516 reviviscit
3566 3441 3670 3513 di-

394 3572 632 3646 versis
690 3568 895 3653 locis,
951 3564 1084 3639 sed
1140 3563 1298 3658 ejus
1357 3560 1762 3656 specimina
1814 3583 2027 3655 quam
2089 3583 2259 3635 vere
2319 3561 2540 3656 longe
2596 3562 2941 3657 pauciora
2995 3571 3068 3634 et
3122 3583 3410 3656 sparsa.

603 3818 659 3871 1.
777 3788 1060 3861 Formoe
1112 3783 1461 3856 vernales.-

884 3952 952 4017 a)
998 3934 1357 4019 Mesogloia
1407 3932 1646 3997 baltica
1691 3933 1835 4015 Alg.
1883 3952 1975 3998 sc.
2022 3950 2161 3996 exs.
2210 3954 2269 3997 n.
2319 3935 2464 3999 216.

888 4061 955 4135 b)
1000 4058 1378 4138 Castagnea
1425 4053 1758 4118 virescens
1807 4052 1949 4134 Alg.
1999 4071 2090 4117 sc.
2141 4072 2278 4119 exs.
2333 4074 2392 4118 n.
2445 4056 2593 4120 315.

595 4229 654 4286 2,
740 4203 1023 4276 Formae
1072 4195 1400 4269 oestivales
1452 4193 1496 4264 l.
1550 4191 2027 4263 autumnales.-

898 4362 964 4429 c)
1008 4348 1375 4433 Mesogloia
1421 4346 1765 4411 virescens
1811 4344 2012 4428 Phyc.
2062 4343 2290 4408 scand.
2337 4364 2494 4409 mar.
2545 4365 2605 4428 p.
2663 4348 2804 4411 151.

883 4474 956 4548 d)
1119 4507 1200 4517 —
1421 4464 1697 4530 Ekmani
1745 4464 1892 4546 Alg.
1942 4483 2032 4529 sc.
2082 4482 2220 4528 exs.
2271 4486 2333 4528 n.
2380 4466 2528 4531 215.

701 4611 819 4685 Ex
885 4609 1218 4685 omnibus
1273 4606 1388 4679 his
1440 4603 1692 4678 formis
1744 4602 2160 4697 Mesogloia
2213 4603 2533 4677 Ekmaui
2589 4600 2835 4697 (Ekm.
2891 4601 3173 4696 Bidrag
3226 4624 3292 4696 p.
3357 4605 3474 4676 13.
3508 4603 3658 4677 Με-

392 4732 666 4829 εοῃίοἱκε
718 4734 925 4827 spec.)
980 4725 1190 4800 nobis
1244 4723 1408 4797 visa
1463 4732 1576 4796 est
1631 4720 2218 4810 distinctissima,
2276 4720 2406 4795 sed
2477 4720 2824 4818 nuperius
2878 4719 3198 4816 acceptis
3253 4720 3658 4817 specimini-

393 4851 566 4940 bus,
624 4869 789 4943 quae
842 4844 933 4920 ad
985 4843 1363 4938 vulgarem
1413 4838 1863 4934 Castagneae
1901 4838 2331 4914 virescentis
2371 4841 2673 4913 formam
2713 4838 2913 4911 abire
2958 4836 3314 4928 videntur,
3361 4836 3451 4911 de
3491 4837 3658 4912 utri-

396 4989 627 5062 usque
708 4987 882 5039 vera
960 4960 1370 5035 differentia
1449 4957 1779 5031 dubitare
1862 4957 2072 5032 nobis
2142 4958 2240 5031 sit
2290 4979 2738 5032 concessum.
2842 4955 2927 5028 In
2981 4954 3125 5029 filis
3187 4954 3661 5052 periphericis

393 5096 560 5160 sunt
611 5085 685 5158 in
741 5081 1072 5157 omnibus
1129 5076 1599 5152 varietatibus
1678 5075 2057 5170 longitudo
2122 5074 2588 5149 articulorum
2645 5083 2716 5147 et
2767 5075 3001 5147 forma
3054 5094 3499 5169 magnopere
3553 5077 3658 5145 in-

398 5207 820 5275 constantes
876 5207 948 5270 et
999 5221 1090 5270 ex
1144 5196 1415 5270 exteris
1470 5193 1847 5267 momentis
1897 5191 2409 5290 dependentes.
