4959 6367
1352 549 1995 628 Osssssavnlonss
2052 552 2638 627 PchonoorcAE.
3431 560 3518 629 31

350 755 816 830 extremitate
893 754 1253 831 crassiore
1310 765 1608 829 stratum
1667 756 2060 840 internum,
2135 757 2488 848 acutiore,
2528 763 2824 828 stratum
2896 756 3235 831 corticale
3292 758 3625 834 intrante.

351 872 505 949 Sed
563 872 701 946 hac
750 872 823 945 in
875 894 955 945 re
1010 871 1498 950 verisimiliter
1550 896 1823 968 magna
1897 874 2239 948 varietas.
2321 873 2966 969 Phaeozoosporae‚
3028 889 3186 948 cum
3225 898 3307 949 se
3339 899 3629 952 movere

350 990 738 1087 incipiunt,
797 989 890 1063 ad
945 990 1293 1086 parietem
1359 992 1562 1065 vasis
1627 993 1971 1066 fenestrae
2039 991 2446 1088 oppositum
2509 989 2961 1084 colliguntur,
3035 1003 3272 1067 ovatae
3328 994 3372 1070 l.
3431 996 3627 1070 elon-

352 1117 844 1205 gato-ovatae,
917 1113 960 1183 6
1018 1109 1061 1182 l.
1122 1111 1164 1181 8
1220 1119 1457 1183 ωσι-Μ
1510 1110 1789 1204 longae,
1873 1132 2033 1183 cum
2121 1107 2401 1183 duobus
2472 1107 2660 1181 ciliis
2730 1108 3165 1192 visibilibus;
3245 1113 3625 1206 granulnm

353 1228 885 1302 fusco-rubrum
943 1227 1365 1323 plerumque
1427 1228 1498 1300 in
1568 1226 1816 1301 infima
1877 1226 2473 1323 pbaeozoosporae
2552 1237 2776 1321 parte.
2884 1225 3137 1301 Tertio
3185 1229 3302 1303 die
3359 1234 3623 1326 germi-

358 1353 744 1439 naverant3
823 1347 1040 1420 tubus
1111 1345 1659 1441 germinationis
1731 1367 1920 1418 nunc
1993 1345 2324 1433 obtusus,
2402 1365 2589 1417 nunc
2657 1345 3080 1428 subacntus‚
3156 1347 3442 1423 tandem
3513 1374 3625 1424 ar-

362 1463 726 1538 ticulatuS.

689 1663 854 1736 Var.
961 1663 1494 1762 Dictyosiphon
1546 1662 1898 1738 flaccidas
1949 1667 2255 1742 Areseb.
2312 1667 2469 1740 Bot.
2524 1666 2692 1741 Not.
2757 1669 2949 1752 1873
3008 1690 3069 1762 p.
3135 1672 3296 1741 137.

664 1817 930 1891 Planta
983 1817 1304 1914 bipedali
1359 1816 2132 1894 olivaceo·virescente
2189 1821 2230 1894 l.
2275 1820 2715 1895 flavescente
2756 1820 3375 1896 tubuloso-inflata
3406 1848 3625 1899 mem-

354 1940 724 2012 branacea
770 1936 843 2009 in
887 1935 1155 2010 ultimis
1202 1944 1488 2009 tantum
1532 1936 1830 2011 ramulis
1878 1937 2116 2012 solida
2167 1937 2707 2025 ramusissima‚
2773 1939 2991 2012 ramis
3048 1937 3345 2016 alternis
3378 1944 3421 2016 l.
3451 1967 3624 2019 nou·

354 2079 715 2153 nunquam
772 2055 1129 2150 oppositis
1183 2052 1510 2129 flaccidis
1552 2056 1869 2151 repetite
1914 2056 2337 2139 ramulosis,
2386 2055 2665 2130 cellulis
2728 2055 2934 2129 strati
2980 2058 3349 2132 corticalis
3390 2061 3629 2138 tenuis

354 2167 893 2270 submajoribus
943 2175 1012 2246 in
1058 2172 1446 2267 superficie
1492 2172 1655 2268 plus
1712 2173 1946 2247 miuus
2003 2174 2434 2270 regulariter
2488 2174 3001 2271 subquadratis
3069 2175 3625 2256 endochromate

357 2293 553 2367 tenui
609 2289 1435 2366 subviridi-flavescente
1488 2290 1824 2386 repletis,
1882 2292 2164 2367 cellulis
2215 2293 2422 2366 strati
2477 2293 2735 2366 interni
2792 2294 3193 2368 tenuissimi
3252 2300 3626 2393 angustio·

356 2413 558 2486 ribus
614 2420 685 2483 et
738 2434 778 2484 e
836 2409 1253 2483 membrana
1318 2407 1640 2482 tenuiore
1708 2411 2144 2484 constructis
2191 2410 2381 2484 intra
2436 2419 2736 2485 stratum
2795 2412 3138 2486 corticale
3193 2424 3284 2488 ut·
3323 2426 3623 2492 stratum

359 2539 573 2634 tenue
634 2528 1088 2626 peritericum
1148 2523 1660 2600 tubulationem
1719 2525 2345 2604 circumdantibus.

662 2696 1193 2793 Dictyosiphon
1248 2694 1600 2769 flaccidus
1652 2719 1717 2768 n.
1773 2695 2110 2791 subspec.
2174 2697 2475 2772 Aresch.
2534 2695 2605 2771 in
2663 2697 2801 2771 Bot
2857 2697 3020 2771 Not.
3087 2701 3296 2774 1873.
3337 2725 3405 2797 p.
3465 2706 3621 2778 137.

661 2868 877 2965 Saepe
931 2868 1001 2941 in
1058 2867 1406 2942 societate
1452 2866 1936 2964 praecedentis
1993 2878 2067 2940 et
2118 2891 2277 2941 curn
2318 2893 2405 2944 eo
2443 2870 2905 2960 commixtus,
2945 2871 3179 2945 rarius
3222 2871 3619 2964 solitarius,

358 2988 842 3086 caespitesque
895 2983 1379 3059 flavescentes
1433 2987 1773 3061 formans.
1860 2985 1942 3059 In
1983 2986 2284 3062 sinubus
2323 2987 2784 3062 interioribus
2815 3011 2926 3061 ex,
2958 3011 3065 3082 gr.
3097 3012 3321 3086 prope
3361 2991 3621 3064 Fiske-

353 3104 730 3194 backskil,
790 3127 1037 3178 menso
1084 3102 1301 3198 Majo.
1898 3201 1907 3214 ι

654 3222 811 3298 vix
858 3222 1053 3296 aliud
1126 3230 1239 3296 est
1307 3221 1465 3296 liaee
1519 3222 1770 3319 planta
1822 3248 2037 3322 quam
2094 3225 2576 3320 praecedentis
2629 3226 2947 3299 varietas
3003 3248 3131 3299 seu
3188 3225 3422 3298 forma
3473 3249 3621 3298 ma-

355 3344 475 3440 gis
529 3341 798 3417 inflata.
921 3339 1157 3431 Quam
1237 3340 1425 3415 enim
1513 3342 1908 3418 variabiles
1963 3344 2110 3417 sint
2177 3352 2539 3417 structura
2619 3352 2691 3415 et
2755 3342 3102 3417 tubulatio
3166 3342 3620 3441 Dictyosiph.

350 3460 824 3538 foeniculacei
866 3463 1020 3556 Jam
1079 3481 1302 3554 supra
1347 3458 1676 3535 diximus.
1783 3460 1931 3537 Sed
1986 3461 2276 3536 habitus
2332 3462 2493 3557 ejus
2548 3460 2788 3534 differt
2845 3460 3372 3554 ramificatione
3426 3485 3620 3536 rece-

354 3579 601 3670 dente,
658 3577 1096 3653 flacciditate
1151 3578 1507 3673 quadam,
1577 3601 1744 3674 quae
1797 3604 1890 3654 ex
1945 3580 2419 3654 consistentia
2475 3579 3031 3653 membranacea
3082 3578 3270 3668 fluit,
3335 3580 3621 3676 filisque

356 3709 427 3773 et
489 3697 788 3771 ramulis
856 3696 1141 3771 inflatis,
1252 3693 1563 3771 Cellulae
1615 3700 1824 3772 strati
1883 3698 2253 3773 corticalis
2306 3698 2379 3771 in
2434 3696 2820 3793 supefficie
2876 3698 3144 3792 plantae
3199 3698 3415 3793 longe
3473 3723 3619 3773 ma-

354 3817 473 3912 gis
527 3815 934 3912 quadratae,
1004 3817 1073 3889 in
1143 3813 1334 3889 Dict.
1390 3815 1868 3890 foenicalacei
1924 3818 2156 3891 forma
2208 3815 2515 3890 normali
2570 3825 2820 3889 contra
2873 3814 3187 3889 minores
3236 3827 3308 3890 et
3344 3817 3617 3912 irregu-

354 3935 601 4010 lariter
680 3936 1072 4030 angulatae.
1180 3932 1348 4006 Fila·
1429 3933 1767 4008 tubulosa
1829 3943 1901 4008 et
1955 3935 2136 4008 rami
2192 3943 2360 4008 aere
2417 3957 2556 4008 non
2615 3956 2781 4006 raro
2838 3932 3126 4027 repleti,
3186 3945 3262 4007 ut
3312 3936 3617 4009 Entero-

353 4054 652 4151 morpha
700 4050 1136 4127 intestinalis
1192 4051 1535 4148 aliaeque,
1590 4075 1732 4148 quo
1796 4037 2064 4148 magna
2115 4053 2465 4128 tabulatio
2520 4051 2734 4126 facile
2791 4051 3113 4146 conspici
3172 4064 3430 4146 potest.

655 4171 739 4245 Iu
796 4170 1186 4269 Lyngbyei
1242 4169 1618 4267 Hydroph.
1667 4170 1853 4245 Dan.
1899 4194 1962 4267 p.
2000 4174 2095 4245 63
2151 4170 2314 4245 duae
2352 4171 2747 4244 afferuntur
2785 4169 3340 4265 Seytosiphonis
3391 4171 3615 4243 foeni-

354 4291 629 4365 culacei
672 4291 954 4379 formae,
1011 4287 1071 4375 β
1124 4290 1461 4361 intricata
1524 4298 1595 4363 et
1646 4320 1704 4384 y
1755 4293 2330 4375 membranacea,
2385 4312 2682 4386 quarum
2740 4309 2882 4360 una
2937 4286 2980 4360 l.
3036 4287 3276 4361 altera·
3320 4287 3413 4361 ad
3487 4313 3615 4363 no·-

352 4419 571 4483 stram
635 4409 1092 4505 subspeciem
1157 4407 1253 4480 sit
1318 4407 1565 4480 forsan
1632 4407 2042 4499 referenda,
2102 4432 2245 4507 qua
2313 4432 2485 4482 vero
2544 4408 2635 4482 de
2691 4430 2768 4480 re
2824 4389 2982 4479 cum
3039 4405 3462 4480 certitudine
3519 4408 3617 4481 nil

350 4527 590 4600 dicere
648 4517 1049 4624 possumus.

610 4764 669 4828 2.
763 4762 962 4846 Subg.
1014 4766 1403 4831 Ooilouema:
1468 4765 1736 4830 Aresch.
1786 4766 1931 4849 Alg.
1984 4786 2056 4832 sc
2124 4786 2264 4832 exs.
2312 4787 2373 4830 n.
2416 4765 2562 4828 3⁶23.
2656 4762 2928 4846 Species
2977 4762 3286 4844 minorem
3336 4762 3444 4827 fila
3490 4763 3613 4848 pri·

770 4865 972 4932 maria
1036 4875 1101 4932 et
1146 4867 1305 4931 rami
1363 4867 2192 4954 elongato-subsimplices,
2251 4862 2822 4949 tubuloso-inflati„
2877 4865 3207 4949 utrinque,
3256 4866 3611 4949 praesertim

767 4968 828 5033 in
882 4969 1086 5050 basin,
1143 4970 1498 5046 attenuati:
1546 4970 1797 5035 cellulae
1830 4972 2014 5036 strati
2049 4969 2375 5036 corticalis
2413 4967 2726 5053 majores,
2774 4966 3164 5049 rotundatae3
3219 4987 3613 5052 zoosporan-

766 5071 875 5154 gia
943 5072 1367 5139 unilocularia
1435 5074 1501 5137 iu
1549 5081 1754 5138 strato
1801 5074 2085 5139 cortieali
2133 5072 2484 5155 locata(?),
2534 5072 2596 5135 in
2660 5067 3000 5156 superficie
3047 5069 3181 5134 fere
3227 5070 3614 5137 orbicularia

767 5181 831 5239 et
876 5172 1079 5239 dense
1127 5175 1597 5259 approximata.
