4959 6367
1342 569 1433 639 18
2487 558 2558 635 J.
2616 560 2701 634 E.
2756 559 3262 651 ARsscuouG‚

1236 772 1302 845 2.
1411 763 1995 841 ELACHIS'PA
2049 764 2331 838 lubrica
2381 762 2770 860 Ruprecht.

1538 916 1726 991 Filis
1794 916 2047 991 liberis
2110 916 2413 1024 inferne·
2460 916 2534 989 in
2599 917 2810 991 basin
2877 919 3180 1015 abrupte
3250 927 3323 990 et
3390 917 3750 991 cuneatim
3817 916 3987 992 inde
4068 919 4142 992 in
4210 919 4498 1013 apicem

1236 1061 1489 1136 parum
1546 1035 1969 1118 attenuatis,
2020 1033 2344 1108 articulis
2382 1056 2423 1107 e
2463 1035 2886 1109 membrana
2941 1034 3266 1108 cellulari
3322 1034 3682 1109 crassiore
3713 1045 3785 1108 et
3822 1036 4031 1109 firma
4065 1037 4498 1112 constructis

1230 1155 1718 1259 endochroma
1792 1153 2076 1248 largum
2157 1152 2691 1227 continentibus
2763 1154 2835 1228 in
2902 1153 3132 1228 basali
3206 1161 3411 1249 parte
3482 1151 3834 1227 diametro
3903 1151 4119 1251 duplo
4190 1155 4236 1229 l.
4288 1155 4505 1253 triplo

1233 1272 1687 1349 brevioribus
1756 1293 2070 1368 superne
2122 1268 2392 1343 sensim
2450 1273 2906 1366 aequantibus
2984 1271 3264 1367 sesqui·
3320 1270 3364 1343 1.
3423 1271 3644 1367 duplo
3682 1270 4167 1366 longioribus,
4223 1295 4498 1368 parane

1233 1392 1546 1466 matibus
1626 1389 1886 1463 leniter
1966 1388 2284 1462 curvatis
2367 1396 2440 1461 et
2511 1389 2586 1462 in
2658 1390 2868 1465 basin
2921 1389 3344 1479 attenuatis,
3405 1389 3730 1462 articulis
3778 1389 4276 1485 superioribus
4329 1392 4498 1466 sub·

1228 1509 1499 1584 inflatis
1556 1507 1908 1581 diametro
1962 1505 2323 1601 subduplo
2378 1506 2419 1581 l.
2478 1506 2692 1602 triplo
2757 1506 3246 1591 brevioribus,
3313 1504 3871 1603 zoosporangiis
3927 1507 4494 1583 unilocularibus

1234 1623 2107 1722 elongato-subobovatis.

1540 1776 1923 1852 Elachista
2000 1775 2281 1849 lubrica
2358 1774 2583 1871 Rupr.
2663 1775 2881 1871 Algae
2976 1777 3346 1851 ochotens.
3437 1799 3504 1873 p.
3600 1779 3741 1850 196
3825 1781 4062 1873 (388).
4192 1778 4500 1853 Aresch.

1993 1894 2159 1988 Alg.
2218 1916 2320 1967 sc.
2380 1915 2535 1969 exs.
2582 1916 2649 1966 n.
2710 1896 2878 1966 217.

1539 2049 1624 2122 In
1703 2047 2182 2144 receptaculis
2252 2048 2433 2122 Fuci
2515 2047 2806 2121 distichi
2873 2059 2946 2122 et
3012 2048 3085 2122 in
3154 2048 3378 2122 ramis
3431 2045 3855 2122 Halosaccii
3911 2048 4352 2122 ramentacei
4405 2047 4500 2121 ad

1230 2169 1475 2242 littora
1526 2165 1786 2240 insulse
1837 2164 2137 2238 Maasoe
2192 2166 2267 2238 in
2320 2165 2750 2240 Finmarkia
2786 2164 3337 2263 septentrionali
3378 2163 3721 2260 legerunt
3759 2164 3914 2242 Cel.
3955 2165 4083 2238 Dr.
4114 2164 4254 2238 Th.
4285 2165 4498 2239 Fries

1231 2294 1303 2359 et
1354 2282 1587 2359 Cand.
1642 2282 1716 2358 S.
1774 2282 2200 2367 Henschen,
2260 2283 2634 2357 mensibus
2684 2281 2888 2358 ‚Junii
2942 2293 3015 2358 et
3066 2283 3535 2380 Septembris.

1539 2401 1816 2476 Habitu
1870 2410 1945 2474 et
1996 2400 2378 2474 crescendi
2426 2399 2643 2475 modo
2698 2403 2791 2476 ab
2838 2402 3222 2477 Elachista
3259 2400 3579 2474 fucicola
3615 2423 3757 2504 non
3796 2401 4092 2475 multum
4133 2399 4499 2490 abhorret,

1230 2532 1309 2596 ut
1373 2521 1441 2595 ei
1505 2541 1719 2625 quam
1786 2518 1918 2593 ulli
1997 2518 2122 2592 alii
2207 2519 2497 2594 affinior
2550 2520 2665 2593 sit.
2772 2519 3140 2617 Caespites
3204 2523 3338 2617 1¹s,
3401 2518 3447 2591 l.
3506 2521 3550 2591 2
3606 2541 3717 2593 cm
3766 2517 3998 2613 longi,
4056 2517 4408 2591 distantes
4452 2517 4499 2590 l.

1229 2637 1763 2714 stratiformiter
1806 2637 2159 2732 congesti.
2264 2636 2578 2713 Stratum
2647 2638 2901 2711 basale
2956 2659 3086 2710 seu
3139 2635 3712 2734 hypothallinum
3764 2643 3842 2710 ut
3892 2635 3963 2710 in
4019 2634 4130 2712 El.
4175 2636 4500 2711 fucicola.

1231 2756 1554 2831 Filorum
1610 2756 1996 2829 liberorum
2052 2778 2225 2850 pars
2279 2754 2560 2829 basalis
2612 2753 2831 2850 longe
2870 2754 3108 2849 magis
3158 2763 3529 2829 attenuata
3565 2761 3760 2827 etex
3800 2752 4123 2827 articulis
4160 2763 4500 2828 constans

1230 2874 1581 2960 diametro
1608 2873 1864 2947 saltem
1896 2894 2124 2966 usque
2164 2873 2363 2971 3·plo
2395 2872 2865 2947 brevioribus.
2910 2871 3389 2946 Paranemata
3415 2870 3673 2945 leviter
3703 2880 4022 2955 curvata,
4049 2870 4262 2946 modo
4289 2872 4500 2968 apice

1228 2995 1380 3068 fere
1429 2992 1758 3073 clavata,
1800 2989 2014 3064 modo
2056 2990 2127 3063 in
2166 2989 2405 3064 media
2442 3000 2648 3087 parte
2687 2990 3182 3080 crassissima,
3239 2989 3562 3064 articulis
3600 2989 3950 3062 diametro
3987 2990 4230 3063 forsan
4271 3012 4500 3085 usque

1229 3110 1434 3206 4·plo
1497 3108 1969 3184 brevioribus.
2058 3107 2200 3184 His
2254 3109 2440 3182 notis
2497 3108 2590 3182 ab
2645 3107 3026 3183 Elachista
3059 3107 3367 3182 fucicola
3403 3130 3541 3182 non
3581 3128 3832 3203 parum
3873 3104 4166 3181 diversa
4199 3107 4501 3182 videtur.

1230 3417 1296 3487 3.
1404 3410 1990 3487 ELACHIS'PA
2044 3411 2365 3485 stellaris
2419 3412 2721 3490 Aresch.

1560 3591 1686 3630 var.
1735 3564 2073 3629 Elachista
2120 3563 2399 3629 Chordae
2445 3563 2716 3630 Aresch.

1534 3701 2079 3792 Punctiformis,
2137 3701 2280 3775 filis
2360 3701 2613 3776 liberis
2675 3726 2928 3799 parum
2997 3701 3454 3796 breviterque
3519 3701 3594 3773 in
3664 3698 3875 3771 basin
3945 3698 4321 3792 aequaliter
4379 3724 4495 3774 ‘ex

1225 3818 1566 3893 inferiore
1620 3827 1826 3915 parte
1880 3819 1951 3891 in
2008 3821 2289 3916 apicem
2344 3821 2817 3895 subobtusum
2873 3819 3259 3896 subulatim
3317 3819 3745 3912 attenuatis,
3801 3814 4122 3891 articulis
4176 3840 4218 3890 e
4274 3841 4492 3893 mem-

1223 3937 1455 4011 brana
1511 3936 1834 4011 cellulari
1890 3936 2099 4010 firma
2152 3939 2585 4012 constructis
2634 3938 3045 4014 subinflatis
3093 3937 3581 4012 endochroma
3637 3935 3920 4030 largum
3958 3935 4493 4010 continentibus

1225 4056 1299 4130 in
1354 4055 1593 4129 basali
1649 4064 1858 4152 parte
1913 4056 2190 4150 sesqui·
2250 4078 2563 4151 superne
2620 4057 2889 4131 sensim
2947 4054 3166 4153 duplo
3222 4055 3265 4137 1.
3296 4077 3525 4151 usque
3578 4053 3794 4150 triplo
3849 4051 4199 4126 diametro
4253 4052 4490 4147 longi-

1222 4173 1505 4265 oribus,
1604 4173 2198 4269 paranematibus
2269 4173 2897 4271 subcylindraceis
2977 4173 3311 4268 angustis
3388 4173 3640 4262 rectis,
3724 4169 4049 4245 articulis
4129 4170 4489 4267 subduplo

1224 4290 1576 4364 diametro
1645 4291 2134 4380 brevioribus,
2208 4291 2769 4388 zoosporangiis
2835 4291 3400 4365 unilocularibus
3466 4288 4193 4385 elongato-obovatis.
4299 4288 4487 4362 Tab.

1221 4408 1293 4482 H
1350 4408 1472 4503 fig.
1534 4412 1599 4482 3.
2185 4402 2201 4416 ’

1534 4527 1782 4601 Multis
1837 4525 2021 4599 locis
2074 4525 2147 4598 in
2205 4526 2386 4599 mari
2444 4525 2822 4618 Bahusiae,
2881 4550 2991 4600 ex.
3046 4551 3154 4622 gr.
3211 4549 3435 4623 prope
3488 4523 4068 4599 Fiskebackskil
4125 4531 4198 4596 et
4249 4521 4487 4596 Greb-

1222 4645 1515 4733 bestad,
1571 4645 1640 4718 in
1697 4652 1902 4740 parte
1954 4642 2202 4716 infima
2255 4641 2574 4718 Chordae
2634 4644 2736 4717 fili
2792 4655 2865 4718 et
2917 4645 2989 4717 in
3047 4644 3560 4740 Asperococco
3617 4642 3932 4736 bullos03
3989 4640 4084 4716 ad
4137 4640 4360 4713 Floro
4413 4639 4485 4712 in

1221 4762 1634 4859 Stilophora
1685 4760 1984 4835 rhizode
2038 4760 2310 4834 invenit
2364 4760 2518 4838 Cel.
2574 4761 2768 4837 Prof.
2825 4762 2908 4835 F.
2962 4762 3269 4838 Ekman.

1526 4880 1644 4953 Ab
1696 4878 2077 4953 Elachista
2133 4879 2410 4954 stellari
2467 4879 2749 4953 diflert:
2815 4881 2891 4977 1)
2944 4880 3221 4953 minore
3275 4876 3820 4975 magnitudine3
3878 4876 3954 4973 2)
4008 4874 4335 4948 articulis
4384 4874 4488 4946 in-

1221 4995 1449 5089 flatis3
1539 5003 1613 5090 3)
1679 4997 1823 5070 filis
1880 5019 1972 5069 ex
2023 4996 2363 5071 inferiore
2421 5004 2626 5094 parte
2683 4997 3047 5071 crassiore
3102 4997 3491 5072 subulatim
3548 4994 3973 5086 attenuatis3
4029 4994 4107 5090 4)
4161 4991 4487 5065 articulis

1218 5112 1580 5208 supremis
1637 5114 1987 5189 diametro
2042 5114 2163 5186 vix
2219 5114 2440 5211 duplo
2491 5114 2591 5209 (in
2650 5113 2763 5187 El.
2818 5116 3097 5189 stellari
3155 5112 3624 5209 4—5·tuplo)
3653 5111 4127 5205 longioribus.
4216 5107 4484 5200 Quam·

1217 5252 1429 5324 quam
1507 5228 1757 5305 decem
1824 5254 1954 5328 per
2009 5255 2238 5306 annos
2294 5255 2452 5305 eam
2520 5231 2633 5305 bis
2691 5234 2882 5307 notis
2941 5233 3354 5307 distinctam
3413 5228 3825 5318 habuimus,
3884 5227 4191 5302 vidimus
4243 5236 4482 5302 tamen
