4959 6367
1424 549 2056 628 OBSERVAnoan
2101 553 2690 630 anconoclcAE.
2945 583 2952 594 ·
3509 561 3604 632 27

732 751 1259 851 Dictyosipbon
1313 752 1848 830 foeniculaceus
1896 785 1951 830 α.
2000 754 2300 831 Aresch.
2358 757 2581 855 Phyc.
2646 780 2816 831 mar.
2861 780 2962 832 sc.
3013 751 3081 856 p.
3119 764 3427 838 147tab.
3463 769 3506 838 6
3536 763 3708 838 Aet

729 988 1139 1067 Chordaria
1189 870 1721 1086 flagldilitfssmz
1759 874 1925 1064 idcir.
1976 991 2037 1072 β
2091 1004 2163 1067 et
2211 1023 2269 1087 y
2320 990 2392 1066 .J.
2445 992 2589 1086 Ag.
2648 993 2776 1089 Sp.
2834 993 2869 1066 I
2927 1017 2994 1090 p.
3055 1000 3149 1070 66
3206 1007 3280 1071 et
3334 1004 3451 1075 67.

729 1107 1269 1207 Dictyosiphon
1324 1105 1793 1205 hippuroides
1833 1109 2003 1204 Alg.
2045 1132 2147 1186 sc.
2184 1133 2334 1184 exs.
2377 1134 2441 1183 n.
2491 1113 2657 1193 105,
2704 1134 2771 1185 n.
2832 1114 2981 1185 320
3029 1122 3102 1187 et
3132 1139 3198 1190 n.
3221 1119 3363 1191 321
3399 1164 3502 1175 —
3539 1121 3697 1195 Bot.

1331 1225 1567 1300 Notis.
1625 1229 1820 1301 1873
1884 1250 1950 1323 p.
2014 1232 2177 1302 133.
2448 1253 2454 1260 ·

731 1434 815 1508 In
894 1433 941 1508 l.
999 1430 1365 1529 paululum
1449 1429 1639 1501 infra
1718 1429 2015 1504 limitem
2099 1453 2311 1525 aquae
2392 1430 2723 1518 marinae,
2780 1453 2940 1505 cum
2998 1434 3068 1507 in
3127 1435 3308 1509 mari
3360 1433 3698 1510 orientali

424 1574 651 1648 usque
703 1553 799 1650 ad
877 1550 1158 1625 Dalaro
1222 1557 1370 1622 tum
1441 1546 1537 1621 ad
1608 1568 1807 1620 oram
1863 1546 2372 1623 Scandinaviae
2425 1547 2946 1624 occidentalem
3003 1553 3261 1627 saltem
3317 1575 3547 1648 usque
3599 1551 3692 1626 ad

423 1667 667 1744 Molde
719 1681 793 1743 et
845 1664 1409 1744 Christiansund
1461 1664 1534 1739 in
1587 1664 1999 1761 Norvegia,
2059 1668 2459 1763 praesertim
2518 1664 2945 1743 Cbordariae
2997 1668 3518 1765 flagelliformi,
3561 1669 3690 1745 sed

421 1785 636 1859 etiam
695 1786 860 1861 aliis
915 1786 1138 1883 algis,
1198 1784 1507 1860 molibus
1561 1783 1828 1878 ligneis
1885 1793 1956 1859 et
2005 1784 2368 1881 lapidibus
2411 1785 2834 1872 innascens,
2891 1809 3049 1861 cum
3101 1787 3170 1861 in
3236 1787 3695 1864 interioribus

424 1914 571 1977 tum
627 1904 697 1977 in
751 1904 1235 1978 exterioribus
1290 1903 1591 1977 sinubus
1651 1902 1940 1976 minime
1988 1927 2183 1992 rara,
2241 1903 2552 1978 aestivali
2602 1911 2926 1999 tempore
2983 1915 3053 1979 et
3108 1906 3524 1981 autumnali.

728 2022 896 2114 Est,
961 2029 1042 2096 ut
1078 2020 1471 2107 credImus,
1515 2020 1833 2095 borealis
1871 2029 1945 2095 et
1979 2021 2532 2096 distinctissima
2568 2021 2888 2118 species,
2943 2045 3108 2118 quae
3137 2045 3297 2098 cum
3328 2025 3522 2098 nulla
3549 2023 3698 2097 alia

421 2139 761 2215 confundi
797 2141 1051 2238 possit,
1088 2141 1151 2214 si
1192 2140 1353 2235 ejus
1387 2147 1818 2212 structuram
1859 2138 2248 2235 diligenter
2301 2141 2829 2231 examinemus,
2886 2141 3122 2238 ipsum
3177 2143 3494 2219 habitum
3551 2165 3694 2216 non

420 2259 916 2354 respicientes.
1027 2258 1108 2332 In
1163 2254 1686 2354 speciminibus
1737 2256 1924 2330 bene
1979 2258 2288 2333 evolutis
2343 2257 2508 2332 basi
2562 2258 2993 2333 observatur
3049 2259 3435 2356 vestigium
3476 2260 3685 2334 strati

421 2377 793 2465 centralis,
876 2377 1066 2472 quod
1145 2378 1217 2450 in
1287 2374 1551 2449 ceteris
1615 2397 1976 2470 nunquam
2030 2369 2638 2467 ‘observavimus,
2722 2375 3120 2472 eodemque
3190 2377 3350 2453 loco
3405 2378 3689 2453 cellulae

420 2495 625 2570 strati
662 2496 1027 2570 corticalis
1072 2496 1301 2572 fuscae
1350 2501 1422 2567 et
1472 2492 2014 2569 horizontaliter
2048 2493 2374 2580 radiatae,
2411 2493 2625 2568 valde
2662 2503 2832 2568 sunt
2867 2494 3220 2590 insignes.
3274 2495 3424 2572 Sed
3461 2495 3689 2571 Chor-

424 2614 650 2689 dariae
702 2623 1063 2688 structura
1114 2621 1230 2688 est
1280 2612 1500 2707 longe
1546 2609 1693 2685 alia
1746 2622 1819 2685 et
1871 2635 2029 2687 cum
2069 2613 2208 2687 hac
2245 2611 2343 2687 nil
2373 2613 2594 2687 habet
2620 2635 3019 2688 commune.
3073 2614 3192 2688 Ab
3223 2613 3566 2690 affinibus
3597 2614 3688 2688 de

419 2741 661 2807 cetero
707 2732 947 2806 differt
1012 2728 1541 2826 quodammodo
1596 2729 1665 2802 in
1724 2752 1814 2803 eo
1861 2730 2051 2825 quod
2110 2729 2650 2828 zoosporangi'a
2692 2731 3036 2805 immersa
3077 2740 3282 2805 extra
3320 2734 3414 2807 ab
3456 2741 3687 2807 strato

418 2851 740 2927 corticali
792 2872 994 2948 saepe
1047 2857 1238 2923 tecta
1273 2858 1467 2937 sunt,
1527 2846 1719 2943 quod
1769 2848 2253 2923 verisimiliter
2292 2847 2450 2923 fluit
2496 2871 2589 2922 ex
2616 2848 3026 2923 evolutione
3054 2850 3291 2924 minus
3317 2860 3690 2947 provecta,

420 2994 585 3045 nam
640 2966 953 3044 vidimus
1016 2988 1301 3063 quoque
1356 2967 1895 3063 zoosporangia
1948 2965 2345 3056 denudata,
2402 2990 2538 3040 nec
2586 2967 2723 3042 hoc
2782 2966 2994 3041 modo
3047 2968 3309 3042 velata.

725 3087 1369 3181 Phaeozoosporae,
1427 3106 1585 3158 cnm
1642 3093 1890 3158 natare
1942 3085 2322 3184 incipiunt,
2375 3085 2520 3159 late
2566 3094 2832 3175 ovatae,
2873 3083 3431 3159 endochromate
3461 3105 3687 3180 usque

416 3211 489 3284 in
543 3216 854 3282 rostrum
907 3204 1098 3277 intus
1135 3202 1411 3298 tinctae3
1467 3201 1730 3277 deinde
1767 3204 2419 3299 ovato-elongatae,
2458 3202 2624 3299 plus
2662 3202 2898 3279 minus
2936 3201 3414 3294 acuminatae,
3472 3226 3686 3300 supe·

413 3329 604 3402 riore
676 3331 883 3421 parte
962 3321 1287 3419 hyalina;
1367 3321 1747 3417 granulnm
1810 3321 2341 3397 fusco-rubrum
2378 3322 2814 3411 ,lateraliter
2867 3321 2940 3394 in
3002 3320 3245 3396 media
3297 3322 3684 3418 phaeozoo-

414 3466 667 3543 spora3
749 3441 990 3516 cilium
1070 3439 1387 3514 anticum
1449 3440 1746 3535 longum
1802 3449 1876 3513 et
1926 3440 2142 3515 facile
2197 3440 2515 3531 visibile,
2574 3439 2967 3536 posticum,
3024 3440 3088 3515 si
3141 3440 3483 3532 adfuerit,
3540 3463 3679 3515 non

413 3560 731 3652 visibile3
811 3557 1185 3653 longitudo
1265 3581 1510 3632 earum
1581 3561 1829 3630 6-10
1906 3569 2139 3633 mcr'¹²¹¹¹
2203 3568 2275 3631 et
2335 3559 2650 3633 maxima
2733 3558 3106 3634 crassities
3181 3562 3381 3634 4--6
3453 3568 3687 3633 mcr'mu

418 3680 591 3779 (tab.
646 3677 754 3752 111
806 3677 931 3772 fig.
1000 3680 1104 3771 6).

724 3833 1435 3928 Phoeozoosporarum
1487 3829 1884 3926 conjunctio
1939 3842 2000 3901 et
2043 3831 2492 3924 yerzninatiO.
2573 3829 2680 3905 Ut
2733 3827 3260 3925 copulationem
3318 3828 3679 3923 quandam

417 3952 858 4040 videremus,
941 3959 1207 4024 motum
1282 3947 2013 4043 phaeozoosporarum
2095 3968 2255 4021 cum
2327 3947 2541 4043 hujus
2621 3956 2765 4021 tum
2851 3945 3152 4020 aliarum
3205 3946 3436 4041 ‘hujus
3488 3946 3678 4021 ordi-

414 4073 530 4147 nis
583 4070 989 4167 plantarum
1046 4064 1605 4160 diligentissime
1661 4063 2244 4152 observavimus,
2299 4064 2432 4138 sed
2488 4087 2778 4160 semper
2827 4065 3112 4138 frustra.
3217 4062 3299 4137 In
3355 4073 3549 4139 motu
3577 4064 3678 4139 al-

413 4201 571 4265 tera
623 4187 1198 4285 phaeozoospora
1250 4185 1551 4258 alteram
1606 4204 1747 4257 non
1801 4182 2069 4275 tangit,
2136 4204 2386 4256 omnes
2441 4206 2572 4278 per
2629 4205 2710 4256 se
2752 4204 3039 4256 cursum
3095 4181 3428 4272 tendunt,
3488 4192 3676 4255 cete-

411 4332 564 4383 rum
636 4303 971 4380 mundum
1038 4322 1179 4375 non
1255 4312 1612 4376 curantes.
1720 4299 1908 4391 Quae
1986 4321 2144 4374 cum
2212 4299 2314 4373 ita
2357 4300 2604 4385 fuerit.
2657 4302 2891 4398 ipsam
2945 4300 3675 4397 pbaeozoosporarum

414 4423 1009 4523 germinationem
1093 4418 1515 4515 diligentius
1594 4419 1801 4514 sequi
1867 4427 1940 4492 et
2002 4419 2419 4515 perquirere
2498 4419 2710 4494 nobis
2790 4419 3320 4517 proposuimus.
3421 4417 3675 4512 Itaque

416 4565 665 4619 mense
746 4542 1082 4635 Augusto
1137 4541 1407 4632 (1874)
1498 4535 1968 4634 deposuimus
2036 4536 2105 4609 in
2172 4545 2522 4611 craterem
2591 4539 2895 4611 vitreum
2961 4536 3101 4610 tria
3147 4535 3360 4632 hujus
3405 4535 3677 4633 plantae

412 4660 843 4758 specimina,
917 4679 957 4730 e
1015 4653 1422 4730 Chordaria
1495 4653 1986 4749 flagelliformi
2054 4653 2462 4752 depromta,
2534 4679 2625 4730 ex
2703 4656 2968 4750 quibus
3049 4664 3214 4752 post
3288 4653 3674 4728 nonnullas

413 4782 629 4856 horas
689 4775 1005 4851 maxima
1050 4773 1777 4868 pbaeozoosporarum
1844 4773 2059 4868 copia
2115 4783 2498 4869 procreata
2548 4774 2697 4848 snit.
2807 4771 3098 4869 Ubique
3153 4773 3224 4846 in
3281 4794 3472 4867 aqua
3523 4772 3673 4844 fue-

411 4906 575 4973 runt
652 4895 1040 4991 dispersae,
1121 4888 1362 4964 vivide
1444 4890 1580 4963 buc
1643 4901 1716 4964 et
1768 4889 1938 4964 illuc
2011 4899 2366 4966 natant-es.
2472 4891 2672 4965 Motu
2742 4913 2989 4965 earum
3045 4890 3317 4964 sensim
3372 4888 3675 4983 langue-

412 5023 689 5105 scente,
746 5013 970 5106 longe
1022 5008 1353 5105 plurimae
1404 5006 1477 5080 in
1518 5029 1861 5094 acervos,
1898 5009 1966 5082 in
2005 5008 2225 5083 fundo
2264 5008 2467 5082 vasis
2482 5010 2840 5103 jacentes,
2869 5007 3330 5102 conglobatae
3356 5008 3673 5099 fuerunt3

407 5132 785 5231 pauciores
863 5128 1098 5201 latera
1154 5125 1354 5200 vasis
1411 5136 1483 5198 et
1535 5125 1834 5202 fundum
1883 5135 2111 5202 strato
2165 5127 2492 5202 tenuiore
2542 5125 3037 5219 obduxerunt3
3118 5148 3397 5216 omnes,
3482 5134 3675 5197 motu

410 5250 629 5337 finito,
685 5248 850 5345 plus
902 5245 1138 5318 minus
1191 5244 1592 5342 sphaericae.
1678 5245 1986 5320 Postero
2040 5244 2156 5318 die
2215 5259 2287 5319 et
2340 5243 2911 5341 quattuordecim
2967 5242 3515 5339 insequentibus
3544 5263 3674 5313 eas
