4959 6367
1415 575 2052 652 OsssssnvAnouEs
2106 575 2694 650 PchoLoclcAE.
3333 597 3338 604 ⁴
3494 580 3590 651 29

434 784 594 857 tubo
651 766 1202 877 germinationis
1269 781 1486 856 unius
1559 780 2160 877 phaeozoosporae
2213 802 2351 853 non
2405 788 2575 852 sunt
2627 778 3171 856 commutandae.
3281 780 3464 855 Cum
3522 804 3690 856 con-

423 901 779 996 junctione
830 898 1343 994 progrediente
1394 897 1857 998 progreditur
1910 920 2193 993 quoque
2254 897 2627 971 cellulosae
2679 898 3047 979 formatio,
3106 909 3181 972 ut
3236 900 3469 975 ambae
3522 923 3691 973 con-

422 1022 681 1116 junctae
734 1017 1356 1115 phaeozoosporae‚
1408 1020 1581 1093 tubo
1637 1015 2115 1112 coJunctionis
2169 1015 2473 1089 formato
2528 1022 2603 1088 et
2661 1016 3236 1113 phaeozoospora
3288 1018 3694 1092 masculina

436 1144 797 1219 evacuata,
850 1136 1135 1233 possint
1189 1137 1442 1210 haberi
1499 1135 1820 1210 cellulae.
1878 1155 2042 1230 quae
2094 1134 2520 1207 membrana
2558 1132 2913 1224 cellulari,
2955 1158 3381 1232 quamquam
3423 1138 3691 1211 tenuis-

434 1256 635 1342 sima,
699 1253 845 1327 sint
911 1254 1393 1332 circumdatae.
1501 1253 2164 1349 Phaeozoosporam
2212 1250 2680 1325 masculinam
2740 1263 3162 1327 evacuatam
3219 1278 3347 1327 seu
3407 1255 3689 1329 inanem

430 1395 616 1469 saepe
650 1367 1225 1453 'nominavimusz
1279 1371 1646 1447 fatendum
1705 1380 1817 1444 est
1871 1378 2151 1460 tamen,
2207 1371 2381 1466 'ejus
2437 1370 2981 1446 evacuationem
3039 1372 3110 1445 in
3163 1373 3691 1470 phaeozoospo-

433 1514 571 1566 ram
625 1492 1012 1565 femineam
1063 1514 1198 1566 nos
1256 1512 1616 1585 nunquam
1674 1487 1985 1577 vidisse,
2042 1486 2229 1584 quod
2285 1489 2357 1561 in
2408 1490 2856 1584 corpusculis
2911 1499 3057 1563 tarn
3114 1491 3362 1586 parvis
3413 1514 3533 1565 res
3582 1503 3695 1566 est

433 1610 633 1683 nimis
714 1609 1033 1684 fortuita.
1141 1608 1745 1705 Phaeozoospora
1825 1607 2229 1682 masculina
2307 1618 2696 1696 evacuata,
2753 1607 3330 1704 phaeozoospora
3383 1609 3694 1683 feminea

432 1727 670 1824 incipit
722 1751 820 1801 ex
873 1728 1324 1801 extremitate
1379 1727 1717 1801 inferiore
1773 1725 2102 1799 emittere
2155 1726 2705 1821 germinationis
2760 1726 3036 1808 tubum,
3094 1727 3215 1822 qui
3256 1728 3524 1802 sensim
3579 1753 3692 1801 ar·

431 1848 763 1920 ticulatus
842 1845 924 1918 fit
1004 1867 1390 1941 ramosque
1476 1857 1826 1941 procreat.
1936 1843 2551 1939 Phaeozoosporae
2620 1845 2874 1918 rostris
2940 1855 3455 1919 connectuntur
3514 1847 3694 1919 veri-

429 1961 748 2039 similiter
805 1987 892 2037 eo
944 1962 1292 2058 temporis
1344 1974 1730 2048 momento,
1787 1986 1928 2060 quo
1985 1964 2055 2036 in
2115 1984 2418 2036 acervos
2475 1963 2915 2058 colliguntur
2970 1972 3043 2036 et
3098 1964 3511 2037 moriuntur.

721 2081 810 2155 In
867 2082 1153 2156 acervis
1206 2082 1944 2179 phaeozoosporarum
2000 2079 2556 2175 germinantium
2613 2082 3087 2155 observantur
3123 2081 3694 2178 germinationes

430 2200 725 2298 duplicis
789 2201 1117 2295 generis:
1203 2205 1276 2297 l)
1310 2200 1869 2298 foecundatz'one
1922 2212 2207 2288 exortae,
2265 2200 2337 2272 in
2392 2199 2651 2294 quibus
2704 2200 2854 2272 exit
2891 2201 3104 2274 tubus
3143 2200 3694 2296 germinationis

428 2343 508 2394 ex
582 2318 1043 2393 extremitate
1127 2317 1465 2392 inferiore
1542 2317 2141 2415 phaeozoosporae
2208 2318 2571 2406 femineae,
2633 2341 2795 2414 quae
2851 2342 3007 2393 cum
3068 2320 3468 2393 masculina
3523 2344 3690 2394 eva-

430 2446 625 2513 cuata
691 2437 1085 2533 conjuncta
1155 2446 1268 2510 est
1321 2437 1491 2531 (tab.
1549 2434 1657 2508 III
1712 2436 1834 2531 fig.
1897 2436 2054 2536 11):
2127 2438 2203 2530 2)
2256 2437 2407 2509 sine
2454 2438 2991 2519 foen-undatione
3046 2454 3329 2523 emm-sce,
3386 2439 3452 2511 in
3538 2439 3690 2532 qui-

429 2560 549 2633 bus
602 2557 1189 2652 phaeozoospora
1244 2554 1571 2628 solitaria
1633 2552 1890 2627 emittit
1946 2555 2187 2627 tubum
2245 2551 2795 2649 germinationis
2852 2553 3161 2650 denique
3200 2556 3692 2642 articulatum,

427 2678 493 2750 in
541 2699 753 2772 quem
816 2673 1212 2748 demittitur
1271 2673 1431 2768 ejus
1487 2671 1830 2745 materies
1885 2671 2200 2760 inclusa,
2250 2672 2415 2769 ipsa
2450 2673 2810 2768 sphaerica
2850 2683 2920 2745 et
2961 2697 3193 2748 vacua
3222 2679 3299 2769 (t.
3329 2675 3437 2748 III
3465 2677 3509 2749 f.
3545 2679 3688 2773 13).

429 2795 623 2868 Hanc
679 2792 1292 2889 germinationem
1365 2792 1434 2865 in
1506 2788 1808 2865 Chorda
1857 2801 2264 2864 tomentosa
2317 2812 2539 2887 supra
2591 2792 3145 2867 memoravimus
3214 2799 3289 2887 (t.
3347 2793 3380 2866 Ι
3433 2794 3477 2868 f.
3541 2799 3690 2891 11).

718 2911 808 2987 Si
860 2911 976 2984 hae
1030 2917 1297 3004 nostrae
1349 2907 1898 2982 observationes
1948 2918 2146 3001 sunt,
2185 2919 2262 2982 nt
2299 2932 2715 3006 speramus,
2754 2933 2949 2983 verae
2994 2918 3067 2983 et
3103 2911 3444 2995 stabiles,
3482 2912 3692 2986 adest

426 3032 597 3107 inter
665 3028 1514 3124 Chlorozoosporearum
1584 3036 1657 3099 et
1710 3025 2499 3122 Phaeozoosporearum
2547 3026 3170 3102 foecundationem
3230 3038 3432 3102 tanta
3486 3028 3689 3102 diffe-

426 3150 676 3237 rentia,
766 3156 847 3221 ut
905 3147 1092 3220 hanc
1157 3143 1410 3240 paucis
1479 3144 1721 3218 verbis
1789 3145 2152 3240 attingere
2220 3145 2354 3219 abs
2422 3168 2502 3219 re
2571 3169 2708 3221 non
2774 3146 3085 3222 alienum
3141 3157 3495 3244 putemus.
3601 3149 3684 3223 ln

426 3268 559 3341 illis
635 3267 811 3340 duae
891 3263 1522 3361 chlorozoosporae
1605 3263 2072 3360 (corpuscula
2147 3263 2288 3337 duo
2372 3264 3043 3361 protoplasmatica)
3125 3266 3542 3344 coalescunt
3617 3269 3689 3341 in

424 3406 1077 3482 zygozoospora1n‚
1169 3382 1440 3455 sensim
1516 3382 1936 3456 membrana
2007 3381 2527 3456 circumdatam
2603 3393 2676 3455 et
2745 3382 3052 3479 denique
3106 3385 3690 3479 germinaturam.

429 3503 501 3576 In
552 3499 1219 3596 Phaeozoosporeis
1286 3510 1525 3574 autem
1593 3507 2110 3574 connectuntur
2164 3502 2656 3575 tantummodo
2711 3502 2999 3591 rostris,
3055 3525 3214 3576 cum
3273 3505 3688 3594 moriuntur,

428 3621 998 3718 phaeozoospora
1078 3618 1480 3694 masculina
1557 3628 1629 3692 et
1708 3619 2054 3710 feminea3
2151 3617 2414 3692 deinde
2496 3630 2795 3714 utraque
2874 3621 3294 3694 membrana
3370 3621 3692 3695 cellulari

428 3741 747 3820 vestitum
825 3737 962 3811 hoc
1023 3738 1215 3810 facto
1280 3744 1584 3831 utraque
1655 3759 1899 3812 earum
1957 3746 2072 3812 est
2124 3760 2302 3811 vera
2351 3735 2616 3811 cellula
2670 3747 2741 3810 et
2793 3737 3250 3813 foecundatio
3304 3739 3688 3836 perficitur,

426 3879 556 3953 qua
634 3857 969 3954 perfecta
1047 3855 1211 3951 ipsa
1289 3853 1868 3951 phaeozoospora
1949 3857 2265 3928 feminea
2343 3854 2810 3930 immediatim
2904 3858 3317 3951 germinare
3416 3857 3684 3952 incipit.

425 3976 697 4049 Absunt
768 3975 1015 4067 itaque
1085 3994 1335 4046 omnes
1405 3995 1881 4070 zygosporae,
1941 3984 2013 4047 et
2066 3981 2308 4071 potest
2359 3972 2597 4071 potius
2652 3974 3232 4071 pllaeozoospora
3289 3975 3690 4050 masculina

424 4094 487 4166 in
542 4092 973 4167 memoriam
1030 4111 1379 4164 revocare
1435 4092 1817 4186 granulum
1874 4091 2169 4187 pollinis
2223 4094 2395 4167 tubo
2451 4092 2908 4187 conjunctum
2951 4114 3109 4165 cum
3151 4093 3481 4166 vesicula
3516 4117 3687 4190 qua-

426 4209 575 4285 dam
631 4207 1085 4306 embryonali
1126 4214 1211 4302 (=
1250 4209 1824 4306 phaeozoospora
1879 4209 2241 4305 feminea).

715 4328 1084 4419 Quantum
1140 4327 1233 4400 ab
1291 4328 1794 4423 procreatione
1846 4328 2443 4425 phaeozoosporae
2496 4327 2566 4401 in
2619 4330 2779 4423 ejus
2844 4328 3437 4422 germinationem
3503 4353 3685 4427 prae-

424 4446 812 4522 terlabatur
867 4445 1212 4543 temporis
1258 4435 1640 4541 spatium,
1718 4446 1936 4521 certis
2016 4445 2530 4543 experimentis
2610 4446 3012 4543 comperire
3093 4468 3232 4519 non
3304 4449 3685 4543 potuimus.

427 4564 661 4640 Pauca
741 4563 1238 4638 tantummodo
1321 4564 1582 4637 afferre
1661 4565 1850 4638 licet.
1970 4563 2118 4638 Die
2196 4568 2283 4638 21
2374 4563 2694 4659 Augusti
2763 4565 2941 4639 hora
3005 4563 3115 4638 IX
3180 4588 3245 4637 a.
3317 4589 3405 4640 m.
3476 4568 3686 4662 plura

426 4680 1020 4780 Dictyosiphonis
1100 4680 1553 4779 hippuroidis
1632 4684 2035 4780 specimina
2086 4684 2159 4757 in
2214 4692 2570 4758 craterem
2627 4681 2963 4777 deposita
3015 4684 3327 4772 fuerant,
3387 4706 3480 4757 ex
3532 4687 3683 4781 qui·

428 4799 552 4874 bus
602 4823 878 4895 magna
932 4800 1108 4873 exiit
1159 4799 1372 4896 copia
1425 4800 2181 4899 phaeozoosporarum.
2289 4799 2494 4873 Hora
2545 4798 2616 4873 V
2668 4823 2733 4895 p.
2790 4824 2880 4873 m.
2938 4800 3186 4874 harum
3243 4802 3483 4896 longae
3535 4803 3688 4899 plu-

428 4917 621 4990 rimae
673 4919 1087 4993 immobiles
1138 4928 1212 4992 et
1262 4918 1429 5015 plus
1486 4918 1721 4993 minus
1775 4920 2181 4995 rotundatas
2230 4920 2534 4992 fuerunt.
2640 4916 2760 4990 Ex
2812 4919 2959 4992 his:

495 5082 676 5146 lzmo
731 5073 1088 5164 rotundae,
1146 5074 1302 5147 sine
1352 5072 1781 5146 formatione
1835 5073 1987 5147 tubi
2044 5070 2555 5168 germinantis;
2610 5069 2927 5144 maxima
2981 5071 3379 5146 multitudo.

494 5189 653 5264 2:110
723 5190 1090 5282 rotundae,
1147 5213 1309 5264 cnm
1361 5190 1796 5265 formatione
1850 5190 2001 5265 tubi
2060 5187 2573 5284 germinantis,
2629 5188 2758 5262 sed
2817 5190 3413 5263 antecedentibus
3465 5190 3685 5284 longe

728 5308 1112 5403 pauciores
1167 5314 1274 5404 (ut
1325 5309 1396 5381 in
1457 5309 1605 5382 tab.
1658 5308 1767 5381 III
1818 5307 1944 5403 fig.
1986 5312 2076 5382 13
2099 5314 2192 5403 a).
