4959 6367
1296 565 1339 634 6
2450 552 2523 629 J.
2576 554 2661 628 E.
2716 553 3216 647 Assscnouo,

1501 763 1584 836 In
1664 760 1898 859 prima
1959 757 2264 833 infantia
2328 755 2761 832 orbicularis
2838 765 2953 832 est
3004 766 3078 831 et
3146 755 3572 830 Melobesiae
3643 707 3929 831 cuidam
3987 756 4245 831 minori
4317 778 4471 831 om-

1190 882 1360 956 nino
1415 880 1698 964 similis,
1751 876 2016 951 deinde
2063 874 2281 951 latius
2337 876 2590 951 effusa.
2697 874 3036 971 Denique
3090 874 3338 972 plures
3394 872 3760 949 confluunt
3813 883 4100 959 crustae,
4127 896 4270 971 quo
4300 874 4467 973 plus

1191 1001 1427 1075 minus
1479 999 1561 1072 fit
1615 994 2116 1094 polymorpha,
2168 1016 2426 1068 crassa
2478 1004 2554 1067 et
2606 995 2679 1068 in
2719 992 2996 1090 pagina
3033 993 3410 1090 superiore
3445 991 3840 1068 tuberculis
3871 991 4187 1067 diversae
4209 993 4469 1068 formae

1188 1126 1460 1192 ornata.
1567 1115 1880 1191 Vetusta
1933 1137 1975 1188 e
2029 1111 2233 1187 saxis
2288 1110 2561 1187 sensim
2619 1112 3040 1204 absolvitur,
3096 1112 3307 1186 novis
3361 1111 3629 1188 crustis
3676 1109 4020 1184 relictura
4072 1110 4332 1185 locum.

2428 1618 3212 1733 FLORIDEAE.

2380 1962 3084 2051 RHoDoMELA
3135 1964 3284 2076 Ag.

1202 2214 1264 2284 1.
1367 2207 2009 2284 RHODOMELA
2066 2209 2421 2281 subfusca
2476 2203 2898 2305 (Woodw.).

1509 2395 1739 2473 Secus
1783 2398 1936 2471 fere
1990 2404 2215 2470 totam
2272 2393 2786 2471 Scandinaviae
2828 2416 3028 2469 oram
3060 2417 3221 2469 cum
3260 2394 3781 2470 occidentalem
3822 2405 3970 2470 tum
4008 2392 4465 2482 orientalem,

1191 2515 1433 2591 saltim
1506 2539 1552 2590 a
1616 2515 1909 2614 Bergen
1990 2536 2220 2610 usque
2288 2513 2364 2587 in
2434 2511 2713 2587 Dalm-6
2780 2522 2854 2587 et
2906 2510 3348 2604 Gevaliam‚
3430 2512 3828 2587 innumeris
3875 2510 4134 2587 ludens
4186 2511 4466 2600 formis,

1192 2657 1490 2730 quarum
1573 2656 1735 2709 eum
1818 2632 2147 2731 plurimae
2226 2631 2297 2705 in
2378 2630 2597 2725 Algis
2664 2629 2912 2706 seand.
2979 2630 3371 2706 exsiccatis
3433 2654 3480 2705 a
3543 2632 3756 2706 nobis
3820 2629 4226 2704 distributae
4292 2628 4467 2712 sint,

1193 2753 1535 2827 nonnulla
1594 2751 1684 2826 de
1741 2752 1832 2826 iis
1886 2751 2147 2824 afferre
2203 2771 2345 2823 non
2397 2748 2652 2832 inutile
2707 2747 3063 2824 duximus.
3156 2747 3563 2847 Sequentes
3602 2749 4142 2845 distinguuntur
4175 2748 4460 2823 formae:

1402 2922 1490 2999 A.
1601 2923 1874 2996 Forma
1929 2921 2479 2995 eoetratoeniemis
2534 2934 2598 2995 et
2649 2922 3028 2996 normalis:

1602 3046 1663 3114 1.
1714 3054 1977 3114 oestate:
2032 3039 2338 3121 sterilis.
2408 3039 2591 3113 rami
2658 3061 2876 3114 secus
2927 3048 3153 3114 totam
3209 3040 3363 3112 fere
3418 3038 3941 3133 longitudinem
4000 3040 4301 3116 ramulis
4354 3063 4465 3115 ra-

1720 3158 2044 3233 mellosis
2130 3155 2471 3231 brevibus
2535 3156 3110 3253 subaeqnilongis
3177 3156 3403 3232 dense
3495 3158 3802 3235 obsessi.
3908 3157 4080 3255 Alg.
4149 3181 4252 3234 sc.
4312 3181 4463 3232 exs.

1724 3299 1794 3351 n.
1853 3279 1970 3352 57.

1598 3398 1664 3468 2.
1719 3395 1941 3468 hieme
1993 3420 2207 3491 usque
2257 3396 2336 3466 ἰιι
2389 3419 2540 3466 ver.-
2593 3390 2776 3465 rami
2829 3390 3304 3488 persistentes
3370 3393 3671 3469 ramulis
3726 3392 3890 3491 plus
3932 3394 4167 3470 minus
4225 3395 4466 3492 dejec-

1724 3513 1819 3586 tis
1881 3511 2223 3586 denudati
2293 3510 2612 3585 ramulos
2675 3530 2904 3583 novos
2969 3507 3584 3608 subeorymbosos
3648 3521 3723 3586 et
3788 3511 4201 3588 fructiferos
4265 3513 4468 3587 emit-

1723 3637 1986 3720 tentes,
2075 3628 2628 3705 iruetifieatione
2709 3626 2999 3722 deJeota
3075 3627 3397 3703 habitum
3460 3629 3867 3705 aestivalem
3923 3653 4008 3705 se
4059 3630 4465 3706 induentes.

1719 3749 1889 3844 Alg.
1934 3771 2036 3823 se.
2078 3770 2228 3822 exs.
2271 3747 2383 3821 ed.
2419 3746 2472 3823 Ι.
2514 3771 2581 3820 ιι.
2619 3750 2745 3822 54.

1497 3884 1685 3959 Haeo
1763 3885 1995 3959 forma
2075 3881 2663 3958 extrataeniensis
2734 3879 2829 3954 ad
2910 3904 3111 3956 oram
3178 3881 3705 3958 occidentalem
3776 3885 3847 3958 in
3916 3881 4183 3958 vicinia
4248 3882 4470 3958 maris

1191 4005 1554 4099 frequens.
1640 4002 1954 4077 Ramelli
2008 4001 2419 4100 corymbosi
2462 4008 2588 4074 aut
2633 3998 3028 4073 ceramidia
3063 4008 3189 4074 sut
3233 4000 3643 4077 antheridia
3682 4010 3810 4076 aut
3848 4010 4298 4098 tetrasporas
4340 4022 4469 4096 ge·

1192 4132 1391 4206 runt,
1457 4144 1622 4218 qnae
1671 4120 2251 4197 fructificationis
2305 4140 2590 4215 organa
2641 4118 2788 4213 jam
2843 4114 3199 4192 Januario
3253 4118 3593 4195 inchoata
3644 4120 3912 4218 optime
3963 4118 4252 4195 evoluta
4305 4128 4473 4196 sunt

1193 4263 1443 4316 mense
1507 4240 1804 4333 Martio;
1887 4237 2150 4313 deinde
2227 4245 2674 4312 evanescunt
2752 4244 2827 4309 et
2905 4234 3155 4331 planta
3222 4236 3559 4314 hiemalis
3625 4239 3700 4313 in
3770 4237 4178 4314 aestivalem
4232 4247 4470 4313 trans-

1194 4368 1526 4435 mutatur.

1396 4528 1480 4601 Β.
1596 4528 1865 4602 Forma
1918 4521 2507 4609 intrataeniensis‚
2553 4521 3019 4618 prm-edentis
3071 4523 3590 4620 maynitudinis
3644 4540 3709 4601 et
3759 4524 4119 4602 crassitiei.

1611 4650 1673 4718 1.
1727 4656 1994 4718 oestace:
2047 4640 2230 4716 rami
2268 4639 2567 4714 ramulis
2605 4637 2933 4714 destituti
2988 4639 3142 4713 fere
3191 4643 3481 4718 omnino
3532 4642 3876 4719 denudati
3924 4644 4138 4740 quasi
4184 4644 4469 4720 mortui.

1721 4761 1892 4857 Alg.
1945 4781 2047 4835 se.
2101 4780 2256 4834 exs.
2310 4782 2376 4831 n.
2433 4760 2583 4831 333
2638 4756 2720 4832 B.

1595 4883 1663 4953 2.
1720 4904 1908 4952 vere.-
1984 4876 2164 4952 rami
2252 4874 2600 4950 denudati
2667 4874 2967 4949 ramulis
3030 4875 3239 4951 novis
3306 4877 3662 4954 distanter
3713 4888 3789 4953 et
3840 4880 4150 4977 repetite
4204 4878 4465 4954 ramel-

1719 4997 1902 5072 losis
1956 4995 2323 5091 elongatis
2374 4991 2824 5068 tenuissimis
2876 4994 3197 5087 obsessi,
3254 5004 3686 5093 tetrasporae
3722 4996 3794 5071 in
3832 4997 4132 5073 ramulis
4178 4996 4473 5077 ultimis.

1498 5116 1581 5191 In
1635 5114 1856 5190 fundo
1905 5122 2222 5206 mortuo,
2279 5121 2358 5188 nt
2412 5110 2693 5202 dieitur,
2768 5111 3054 5187 sinuum
3108 5112 3564 5199 interiorum,
3619 5137 3730 5191 ex.
3801 5138 3911 5212 gr.
3965 5137 4198 5214 prope
4250 5113 4478 5190 War-

1198 5235 1491 5310 holmen
1546 5242 1755 5308 extra
1809 5231 2373 5328 Gothoburgum
2430 5229 2741 5325 aliisque
2794 5229 2978 5305 loeis
3030 5252 3173 5304 non
3228 5254 3410 5306 rara.
