4959 6367
1401 487 1494 559 32
1988 435 2003 450 κ
2554 478 2624 556 J.
2681 481 2766 559 E.
2822 480 3325 571 Assscsouo‚

1602 684 1762 759 Hoc
1818 685 2192 779 subgenus
2245 684 2487 759 differt
2540 684 2634 757 ab
2690 683 2883 756 veris
2936 683 3665 781 Dictyosiphonibus,
3729 707 3886 758 cum
3918 686 4179 780 quibus
4207 688 4359 781 ejus
4385 711 4531 786 spe-

1294 807 1446 879 cies
1497 805 1568 878 in
1628 812 1819 877 statu
1872 803 2161 877 evoluto
2219 803 2338 878 vix
2391 800 2731 879 confundi
2786 812 3123 898 possunt,
3179 802 3402 876 ramis
3455 801 3559 875 fili
3613 802 3937 899 primarii
3992 803 4349 898 elongatis
4382 809 4529 882 sub-

1293 921 1745 1019 simplicibus
1774 931 2035 995 etcum
2077 922 2147 995 in
2189 923 2399 996 basin
2441 933 2586 998 tum
2624 921 2697 994 in
2738 920 3025 1017 apicem
3057 921 3443 1017 insigniter
3479 922 3896 1004 attenuatis,
3949 923 4174 996 cavis.
4253 922 4533 1002 Cellulae

1291 1039 1500 1112 strati
1555 1039 1918 1113 corticalis
1998 1063 2211 1135 quam
2284 1041 2354 1114 iu
2426 1038 3004 1138 Dictyosiphone
3074 1039 3310 1134 magis
3359 1039 3765 1115 rotundatae
3814 1049 3887 1113 et
3938 1042 4286 1136 majores,
4342 1043 4534 1140 largo

1291 1155 1849 1230 endochromate
1929 1159 2267 1254 repletae,
2353 1160 2421 1232 iu
2507 1160 2829 1233 sectione
2889 1157 3365 1232 transversali
3418 1157 3960 1232 horizontaliter
4021 1159 4175 1233 fere
4239 1162 4530 1238 seriatae.

1292 1273 1609 1349 Stratum
1651 1275 2000 1350 internum
2045 1278 2165 1351 vix
2194 1279 2519 1354 corticali
2553 1278 2877 1352 crassius
2916 1276 3126 1371 eique
3156 1277 3567 1373 impositum
3606 1286 3678 1350 et
3713 1276 4226 1353 tubulationem
4255 1279 4532 1356 circum-

1289 1392 1492 1466 dans.
1598 1394 2155 1492 Zoosporangia
2208 1395 2689 1470 unilocularia
2740 1395 2812 1468 in
2867 1404 3020 1468 tota
3068 1394 3319 1490 planta
3370 1395 3808 1491 frequentia,
3863 1395 3935 1469 iu
3978 1405 4205 1472 strato
4234 1400 4534 1474 corticali

1290 1511 1531 1586 locata
1611 1518 1774 1607 (nec
1857 1523 1934 1587 ut
2002 1515 2070 1588 in
2138 1514 2717 1612 Dictyosiphone
2788 1522 3096 1586 stratum
3169 1511 3526 1586 internum
3582 1512 4035 1609 intrantiaP),
4094 1516 4167 1589 iu
4227 1518 4528 1593 sectione

1290 1630 1722 1704 horizontali
1776 1631 2519 1728 rotundato-elliptica
2573 1632 2616 1705 l.
2647 1631 2998 1728 elliptica,
3050 1630 3120 1702 in
3173 1631 3564 1729 superficie
3615 1632 3882 1729 plantae
3935 1633 4097 1729 plus
4154 1637 4386 1711 minus
4436 1661 4533 1712 ro-

1289 1747 1591 1823 tundata
1636 1759 1707 1823 et
1754 1773 1917 1825 raro
1965 1751 2059 1824 ab
2096 1760 2322 1824 strato
2371 1748 2695 1825 corticali
2727 1759 2939 1824 tecta.
3015 1747 3293 1824 Omnes
3335 1750 3625 1847 species
3660 1749 3829 1847 pilis
3866 1750 4217 1848 hyalinis,
4257 1777 4532 1849 quorum

1287 1866 1572 1940 articuli
1629 1868 1789 1942 basi
1845 1878 2013 1942 sunt
2080 1869 2432 1943 diametro
2505 1868 2911 1956 breviores,
2988 1891 3302 1966 superne
3358 1868 3761 1963 longiores,
3819 1869 3982 1967 plus
4036 1872 4275 1947 minus
4327 1872 4532 1948 dense

1291 1985 1637 2060 obsessae.

1290 2345 1355 2416 3.
1464 2341 2235 2419 DICTYOSIPHON
2292 2342 2783 2438 (Coilonema)
2838 2342 3248 2418 Obordaria
3307 2344 3611 2420 Arescln.

1594 2578 1860 2652 Planta
1917 2580 2478 2675 3—5-pollicari
2535 2579 2899 2670 olivacea‚
2957 2581 3079 2655 filo
3135 2582 3476 2678 primario
3532 2582 3980 2678 subsimplici
4033 2583 4074 2657 l.
4132 2583 4359 2657 ramis
4395 2573 4532 2679 pluss

1289 2700 1487 2773 ribus
1543 2697 1909 2791 elongatis
1966 2697 2417 2794 simplicibus
2473 2697 2516 2770 l.
2557 2698 2905 2772 ramulum
2964 2721 3178 2772 unum
3240 2698 3636 2774 alterumve
3673 2700 4123 2799 portantibus
4166 2725 4298 2797 per
4333 2711 4530 2776 totam

1286 2818 1439 2891 fere
1494 2816 2016 2911 longitudinem
2067 2817 2396 2890 obsesso.

1493 3014 1553 3058 a
1620 2986 2108 3060 Bakmiensis:
2181 2991 2411 3060 4—5-
2417 2986 2826 3084 pollicaris‚
2893 2986 3017 3060 filo
3085 2984 3428 3083 primario
3495 2987 3716 3061 ramis
3792 2987 4157 3083 elongatis
4247 2988 4530 3062 subsim-

1623 3105 1934 3200 plicibus
1989 3130 2118 3203 per
2176 3116 2396 3179 totam
2451 3107 2607 3179 fere
2660 3103 3187 3200 longitudinem
3238 3105 3567 3180 obsesso.

1621 3223 2155 3323 Dictyosiplnon
2212 3222 2620 3299 Clnordaria
2674 3222 2977 3298 Aresch.
3034 3221 3258 3321 Phyc.
3315 3246 3415 3300 sc.
3465 3247 3637 3298 mar.
3694 3246 3758 3320 p.
3827 3228 3994 3298 150.
4049 3226 4201 3299 tab.
4263 3229 4302 3298 7
4332 3225 4408 3300 Β.
4449 3270 4529 3282 -

1622 3343 1818 3417 Flor.
1878 3343 2071 3417 Dan.

1492 3485 1563 3573 bs
1605 3499 2186 3595 simpliciuscula:
2238 3496 2361 3570 filo
2417 3496 2759 3593 primario
2813 3493 3129 3590 simplici
3185 3495 3230 3568 l.
3281 3495 3503 3570 ramis
3557 3493 3918 3568 nonnullis
3971 3494 4339 3589 elongatis
4391 3499 4532 3572 basi

1622 3626 1893 3691 tantum
1946 3616 2275 3690 obsesso.

1624 3750 2049 3827 Coilonema
2104 3749 2514 3825 Chordaria
2565 3749 2871 3823 Arescln.
2927 3749 3102 3844 Alg.
3161 3772 3260 3823 sc.
3316 3772 3468 3822 exs.
3526 3772 3589 3823 n.
3646 3751 3815 3822 323.

1594 3938 1862 4012 Forma
1911 3939 2258 4036 primaria
2340 3967 2403 4010 a.
2474 3937 2666 4011 lecta
2736 3947 2851 4011 est
2902 3938 2974 4010 in
3031 3936 3352 4010 Balnusia
3407 3959 3633 4034 prope
3690 3934 4306 4024 Fiskebackskil,
4363 3937 4532 4033 palis

1286 4058 1703 4131 increscens
1785 4066 1856 4129 et
1935 4056 2102 4130 dein
2189 4054 2283 4129 ad
2344 4078 2544 4129 oram
2613 4055 3134 4130 occidentalem
3204 4078 3567 4151 uunquam
3620 4063 3943 4151 reperta3
4025 4054 4085 4125 b.
4144 4054 4534 4151 frequenter

1287 4174 1551 4271 legitur
1619 4175 1689 4247 in
1746 4175 1926 4248 mari
1982 4173 2314 4249 orientali
2375 4196 2602 4270 prope
2654 4174 2934 4248 Dalaro
2990 4197 3149 4248 cum
3209 4172 3782 4272 Dictyosiphone
3831 4172 4293 4268 hippuroide,
4349 4173 4532 4247 moli-

1287 4295 1423 4368 bus
1478 4271 1743 4388 ligneis
1799 4292 2087 4368 adnata.
2192 4293 2517 4367 Aestate.
2551 4291 2870 4390 —Sept

1599 4411 1735 4485 11ae
1796 4413 2076 4500 formae,
2147 4433 2444 4507 quarum
2502 4410 2733 4484 altera
2789 4433 2946 4484 cum
3003 4411 3075 4483 in
3139 4409 3356 4507 Phyc.
3413 4433 3515 4482 sc.
3542 4431 3718 4481 mar.
3773 4418 3917 4483 tum
3967 4411 4038 4482 in
4093 4409 4317 4484 Flora
4363 4408 4530 4484 Dan.

1288 4528 1683 4616 delineata,
1740 4528 2027 4603 altera
2008 4553 2078 4603 ιιι
2133 4529 2304 4623 Alg.
2337 4528 2602 4604 Scand.
2634 4550 2784 4604 exs.
2818 4529 3202 4603 distributa
3238 4538 3383 4613 est,
3441 4536 3609 4601 sunt
3644 4525 3864 4623 longe
3901 4529 4135 4603 minus
4181 4550 4392 4623 quam
4429 4551 4531 4601 se-

1289 4671 1517 4744 quens
1557 4647 1845 4745 species
1883 4646 2349 4742 gelatinosae.
2392 4647 2523 4722 sed
2563 4647 2974 4743 rigidiores,
3013 4671 3146 4721 nec
3175 4658 3315 4721 tam
3345 4645 3694 4722 flaccidae.
3748 4644 3970 4721 Color
4004 4647 4244 4742 magis
4280 4648 4528 4720 fuscus.

1290 4765 1689 4842 Crassities
1744 4765 2127 4860 insigniter
2165 4765 2426 4846 var-ian
2476 4765 2820 4840 nonnulla
2853 4767 3257 4862 specimina
3295 4764 3573 4854 inflata,
3625 4763 3966 4839 nonnulla
4003 4765 4357 4852 tenuiora,
4393 4767 4530 4839 fere

1295 4886 1708 4982 capillaria,
1746 4907 1901 4960 cum
1944 4884 2166 4957 ramis
2206 4882 2574 4978 elongatis
2602 4882 3105 4979 capillaribus3
3158 4883 3289 4958 sed
3328 4883 3574 4958 borum
3612 4884 3961 4958 transitus
3988 4884 4058 4957 in
4096 4883 4224 4957 illa
4251 4882 4530 4957 evidens

1290 5015 1424 5078 est.
1530 5003 1729 5077 Idem
1802 5004 2229 5077 observatur
2307 5004 2382 5075 in
2462 5002 2923 5101 Dictyosiph.
2988 5001 3511 5089 foeniculaceO,
3592 5002 3722 5078 sed
3792 5003 3861 5075 in
3934 5002 4068 5076 hoc
4121 5003 4529 5076 ramificatio

1290 5121 1437 5195 alia
1486 5122 1807 5216 ramique
1862 5143 2222 5215 nunquam
2280 5121 2442 5196 basi
2502 5120 2871 5196 attenuati.
