<?xml version="1.0" encoding="UTF-8"?>
<!DOCTYPE html PUBLIC "-//W3C//DTD XHTML 1.0 Transitional//EN"
    "http://www.w3.org/TR/xhtml1/DTD/xhtml1-transitional.dtd">
<html xmlns="http://www.w3.org/1999/xhtml" xml:lang="en" lang="en">
 <head>
  <title>
</title>
<meta http-equiv="Content-Type" content="text/html;charset=utf-8" />
  <meta name='ocr-system' content='tesseract 3.04.00' />
  <meta name='ocr-capabilities' content='ocr_page ocr_carea ocr_par ocr_line ocrx_word'/>
</head>
<body>
  <div class='ocr_page' id='page_1' title='image "./novaactaregiaes01uppsgoog_0039.png"; bbox 0 0 4959 6367; ppageno 0'>
   <div class='ocr_carea' id='block_1_1' title="bbox 1490 546 3664 626">
    <p class='ocr_par' dir='ltr' id='par_1_1' title="bbox 1490 546 3664 626">
     <span class='ocr_line' id='line_1_1' title="bbox 1490 546 3664 626; baseline 0 -2"><span class='ocrx_word' id='word_1_1' title='bbox 1490 546 2124 624; x_wconf 65' lang='lat' dir='ltr'>Ossssvnuouns</span> <span class='ocrx_word' id='word_1_2' title='bbox 2178 553 2758 626; x_wconf 71' lang='lat' dir='ltr'>PnYooLomeAE.</span> <span class='ocrx_word' id='word_1_3' title='bbox 3567 555 3664 625; x_wconf 82' lang='lat'>25</span> 
     </span>
    </p>
   </div>
   <div class='ocr_carea' id='block_1_2' title="bbox 487 750 3765 1442">
    <p class='ocr_par' dir='ltr' id='par_1_2' title="bbox 487 750 3765 1442">
     <span class='ocr_line' id='line_1_2' title="bbox 490 750 3765 847; baseline 0.001 -22"><span class='ocrx_word' id='word_1_4' title='bbox 490 750 1038 826; x_wconf 80' lang='lat' dir='ltr'>determinatam</span> <span class='ocrx_word' id='word_1_5' title='bbox 1108 753 1545 827; x_wconf 80' lang='lat' dir='ltr'><strong>desinentes.</strong></span> <span class='ocrx_word' id='word_1_6' title='bbox 1653 750 2049 847; x_wconf 86' lang='lat' dir='ltr'>Vegetatio</span> <span class='ocrx_word' id='word_1_7' title='bbox 2101 753 2532 845; x_wconf 83' lang='lat' dir='ltr'>terminalis,</span> <span class='ocrx_word' id='word_1_8' title='bbox 2616 754 2945 828; x_wconf 83' lang='lat' dir='ltr'>verticali</span> <span class='ocrx_word' id='word_1_9' title='bbox 2994 761 3065 825; x_wconf 91' lang='lat' dir='ltr'>et</span> <span class='ocrx_word' id='word_1_10' title='bbox 3114 752 3543 828; x_wconf 87' lang='lat' dir='ltr'>horizontali</span> <span class='ocrx_word' id='word_1_11' title='bbox 3595 755 3765 828; x_wconf 88' lang='lat' dir='ltr'>arti-</span> 
     </span>
     <span class='ocr_line' id='line_1_3' title="bbox 492 870 3761 970; baseline 0.001 -25"><span class='ocrx_word' id='word_1_12' title='bbox 492 870 809 945; x_wconf 91' lang='lat' dir='ltr'>culorum</span> <span class='ocrx_word' id='word_1_13' title='bbox 896 871 1281 969; x_wconf 87' lang='lat' dir='ltr'>apicalium</span> <span class='ocrx_word' id='word_1_14' title='bbox 1363 870 1719 944; x_wconf 90' lang='lat' dir='ltr'>divisione</span> <span class='ocrx_word' id='word_1_15' title='bbox 1792 872 2189 968; x_wconf 89' lang='lat' dir='ltr'>acropetali</span> <span class='ocrx_word' id='word_1_16' title='bbox 2253 872 2542 962; x_wconf 87' lang='lat' dir='ltr'>effecta,</span> <span class='ocrx_word' id='word_1_17' title='bbox 2613 872 2904 947; x_wconf 90' lang='lat' dir='ltr'>tandem</span> <span class='ocrx_word' id='word_1_18' title='bbox 2975 870 3333 945; x_wconf 88' lang='lat' dir='ltr'>absoluta.</span> <span class='ocrx_word' id='word_1_19' title='bbox 3438 873 3761 970; x_wconf 91' lang='lat' dir='ltr'>Zoospo-</span> 
     </span>
     <span class='ocr_line' id='line_1_4' title="bbox 488 987 3760 1082; baseline 0 -20"><span class='ocrx_word' id='word_1_20' title='bbox 488 988 749 1082; x_wconf 79' lang='lat' dir='ltr'>raugia</span> <span class='ocrx_word' id='word_1_21' title='bbox 801 988 1309 1077; x_wconf 85' lang='lat' dir='ltr'>unilocularia‚</span> <span class='ocrx_word' id='word_1_22' title='bbox 1368 1010 1408 1061; x_wconf 92' lang='lat' dir='ltr'>e</span> <span class='ocrx_word' id='word_1_23' title='bbox 1463 987 1747 1062; x_wconf 90' lang='lat' dir='ltr'>cellulis</span> <span class='ocrx_word' id='word_1_24' title='bbox 1801 989 2266 1064; x_wconf 87' lang='lat' dir='ltr'>corticalibus</span> <span class='ocrx_word' id='word_1_25' title='bbox 2322 990 2857 1065; x_wconf 84' lang='lat' dir='ltr'>transformatis</span> <span class='ocrx_word' id='word_1_26' title='bbox 2895 999 3178 1080; x_wconf 84' lang='lat' dir='ltr'>exorta,</span> <span class='ocrx_word' id='word_1_27' title='bbox 3234 989 3760 1064; x_wconf 88' lang='lat' dir='ltr'>semi-ovaliter</span> 
     </span>
     <span class='ocr_line' id='line_1_5' title="bbox 487 1106 3755 1204; baseline 0.001 -24"><span class='ocrx_word' id='word_1_28' title='bbox 487 1116 786 1181; x_wconf 76' lang='lat' dir='ltr'>exserta</span> <span class='ocrx_word' id='word_1_29' title='bbox 843 1115 917 1181; x_wconf 90' lang='lat' dir='ltr'>et</span> <span class='ocrx_word' id='word_1_30' title='bbox 966 1129 1099 1204; x_wconf 90' lang='lat' dir='ltr'>per</span> <span class='ocrx_word' id='word_1_31' title='bbox 1148 1107 1377 1202; x_wconf 91' lang='lat' dir='ltr'>longa</span> <span class='ocrx_word' id='word_1_32' title='bbox 1428 1107 1671 1203; x_wconf 89' lang='lat' dir='ltr'>spatia</span> <span class='ocrx_word' id='word_1_33' title='bbox 1723 1107 2043 1203; x_wconf 87' lang='lat' dir='ltr'>plantam</span> <span class='ocrx_word' id='word_1_34' title='bbox 2101 1106 2325 1181; x_wconf 89' lang='lat' dir='ltr'>dense</span> <span class='ocrx_word' id='word_1_35' title='bbox 2380 1108 2861 1182; x_wconf 87' lang='lat' dir='ltr'>investientia.</span> <span class='ocrx_word' id='word_1_36' title='bbox 2941 1106 3555 1204; x_wconf 82' lang='lat' dir='ltr'>Phaeozoosporae</span> <span class='ocrx_word' id='word_1_37' title='bbox 3610 1133 3755 1183; x_wconf 90' lang='lat' dir='ltr'>ma-</span> 
     </span>
     <span class='ocr_line' id='line_1_6' title="bbox 489 1224 3757 1324; baseline 0.001 -27"><span class='ocrx_word' id='word_1_38' title='bbox 489 1235 672 1300; x_wconf 79' lang='lat' dir='ltr'>turae</span> <span class='ocrx_word' id='word_1_39' title='bbox 750 1227 823 1299; x_wconf 90' lang='lat' dir='ltr'>in</span> <span class='ocrx_word' id='word_1_40' title='bbox 905 1225 1277 1321; x_wconf 89' lang='lat' dir='ltr'>globulum</span> <span class='ocrx_word' id='word_1_41' title='bbox 1347 1247 1558 1300; x_wconf 91' lang='lat' dir='ltr'>muco</span> <span class='ocrx_word' id='word_1_42' title='bbox 1634 1224 1974 1299; x_wconf 72' lang='lat' dir='ltr'>cohibitae</span> <span class='ocrx_word' id='word_1_43' title='bbox 2046 1249 2177 1321; x_wconf 89' lang='lat' dir='ltr'>per</span> <span class='ocrx_word' id='word_1_44' title='bbox 2257 1226 2541 1322; x_wconf 83' lang='lat' dir='ltr'>apicem</span> <span class='ocrx_word' id='word_1_45' title='bbox 2600 1225 3155 1324; x_wconf 90' lang='lat' dir='ltr'>sporangiorum</span> <span class='ocrx_word' id='word_1_46' title='bbox 3222 1225 3757 1322; x_wconf 87' lang='lat' dir='ltr'>protruduntur,</span> 
     </span>
     <span class='ocr_line' id='line_1_7' title="bbox 490 1342 3760 1442; baseline 0 -27"><span class='ocrx_word' id='word_1_47' title='bbox 490 1344 661 1418; x_wconf 80' lang='lat' dir='ltr'>latae</span> <span class='ocrx_word' id='word_1_48' title='bbox 713 1353 980 1430; x_wconf 72' lang='lat' dir='ltr'>ovatae,</span> <span class='ocrx_word' id='word_1_49' title='bbox 1036 1343 1204 1418; x_wconf 90' lang='lat' dir='ltr'>cilio</span> <span class='ocrx_word' id='word_1_50' title='bbox 1261 1345 1503 1418; x_wconf 87' lang='lat' dir='ltr'>antico</span> <span class='ocrx_word' id='word_1_51' title='bbox 1558 1342 1927 1430; x_wconf 85' lang='lat' dir='ltr'>distinct0‚</span> <span class='ocrx_word' id='word_1_52' title='bbox 1982 1343 2263 1442; x_wconf 89' lang='lat' dir='ltr'>postico</span> <span class='ocrx_word' id='word_1_53' title='bbox 2319 1344 2554 1419; x_wconf 90' lang='lat' dir='ltr'>rarius</span> <span class='ocrx_word' id='word_1_54' title='bbox 2607 1344 2898 1419; x_wconf 80' lang='lat' dir='ltr'>visibili.</span> <span class='ocrx_word' id='word_1_55' title='bbox 2993 1342 3183 1418; x_wconf 88' lang='lat' dir='ltr'>Tab.</span> <span class='ocrx_word' id='word_1_56' title='bbox 3228 1342 3339 1417; x_wconf 93' lang='lat' dir='ltr'>III</span> <span class='ocrx_word' id='word_1_57' title='bbox 3372 1343 3495 1438; x_wconf 84' lang='lat' dir='ltr'>fig.</span> <span class='ocrx_word' id='word_1_58' title='bbox 3536 1348 3760 1417; x_wconf 81' lang='lat'>2-5,</span> 
     </span>
    </p>
   </div>
   <div class='ocr_carea' id='block_1_3' title="bbox 500 1645 2350 1723">
    <p class='ocr_par' dir='ltr' id='par_1_3' title="bbox 500 1645 2350 1723">
     <span class='ocr_line' id='line_1_8' title="bbox 500 1645 2350 1723; baseline -0.001 -2"><span class='ocrx_word' id='word_1_59' title='bbox 500 1654 560 1721; x_wconf 94' lang='lat'>1.</span> <span class='ocrx_word' id='word_1_60' title='bbox 668 1645 1420 1723; x_wconf 87' lang='lat' dir='ltr'>PHLOEOSPORA</span> <span class='ocrx_word' id='word_1_61' title='bbox 1475 1646 1996 1722; x_wconf 86' lang='lat' dir='ltr'>subartioulata</span> <span class='ocrx_word' id='word_1_62' title='bbox 2050 1645 2350 1722; x_wconf 86' lang='lat' dir='ltr'>Aresch.</span> 
     </span>
    </p>
   </div>
   <div class='ocr_carea' id='block_1_4' title="bbox 900 1847 3766 2654">
    <p class='ocr_par' dir='ltr' id='par_1_4' title="bbox 900 1847 3766 2654">
     <span class='ocr_line' id='line_1_9' title="bbox 901 1847 3766 1948; baseline 0 -24"><span class='ocrx_word' id='word_1_63' title='bbox 901 1849 1384 1947; x_wconf 83' lang='lat' dir='ltr'>Scytosiphou</span> <span class='ocrx_word' id='word_1_64' title='bbox 1450 1851 1991 1926; x_wconf 86' lang='lat' dir='ltr'>foeniculaceus</span> <span class='ocrx_word' id='word_1_65' title='bbox 2055 1850 2346 1947; x_wconf 86' lang='lat' dir='ltr'>Lyngb.</span> <span class='ocrx_word' id='word_1_66' title='bbox 2402 1847 2636 1947; x_wconf 86' lang='lat' dir='ltr'>Hydr.</span> <span class='ocrx_word' id='word_1_67' title='bbox 2691 1872 2757 1946; x_wconf 90' lang='lat' dir='ltr'>p.</span> <span class='ocrx_word' id='word_1_68' title='bbox 2809 1853 2898 1923; x_wconf 88' lang='grc'>61</span> <span class='ocrx_word' id='word_1_69' title='bbox 2944 1851 3086 1926; x_wconf 90' lang='lat' dir='ltr'>tab.</span> <span class='ocrx_word' id='word_1_70' title='bbox 3121 1855 3213 1923; x_wconf 89' lang='lat'>14</span> <span class='ocrx_word' id='word_1_71' title='bbox 3251 1847 3334 1924; x_wconf 81' lang='lat' dir='ltr'>C.</span> <span class='ocrx_word' id='word_1_72' title='bbox 3364 1850 3412 1929; x_wconf 80' lang='lat' dir='ltr'>f.</span> <span class='ocrx_word' id='word_1_73' title='bbox 3442 1851 3488 1921; x_wconf 85' lang='lat'>5</span> <span class='ocrx_word' id='word_1_74' title='bbox 3521 1850 3766 1948; x_wconf 87' lang='lat' dir='ltr'>(hujus</span> 
     </span>
     <span class='ocr_line' id='line_1_10' title="bbox 1464 1968 2201 2065; baseline 0 -24"><span class='ocrx_word' id='word_1_75' title='bbox 1464 1968 1735 2064; x_wconf 84' lang='lat' dir='ltr'>plantae</span> <span class='ocrx_word' id='word_1_76' title='bbox 1787 1968 2201 2065; x_wconf 86' lang='lat' dir='ltr'>particula).</span> 
     </span>
     <span class='ocr_line' id='line_1_11' title="bbox 903 2082 3762 2183; baseline 0 -26"><span class='ocrx_word' id='word_1_77' title='bbox 903 2082 1435 2183; x_wconf 88' lang='lat' dir='ltr'>Dictyosiphon</span> <span class='ocrx_word' id='word_1_78' title='bbox 1490 2086 2024 2161; x_wconf 86' lang='lat' dir='ltr'>foeniculaceus</span> <span class='ocrx_word' id='word_1_79' title='bbox 2069 2084 2129 2172; x_wconf 76' lang='grc' dir='ltr'><strong><em>β</em></strong></span> <span class='ocrx_word' id='word_1_80' title='bbox 2166 2086 2235 2160; x_wconf 88' lang='lat' dir='ltr'>b.</span> <span class='ocrx_word' id='word_1_81' title='bbox 2276 2085 2579 2161; x_wconf 86' lang='lat' dir='ltr'>Aresoh.</span> <span class='ocrx_word' id='word_1_82' title='bbox 2621 2084 2847 2182; x_wconf 85' lang='lat' dir='ltr'>Phyc.</span> <span class='ocrx_word' id='word_1_83' title='bbox 2887 2109 2988 2159; x_wconf 87' lang='lat' dir='ltr'>sc.</span> <span class='ocrx_word' id='word_1_84' title='bbox 3029 2110 3200 2161; x_wconf 88' lang='lat' dir='ltr'>mar.</span> <span class='ocrx_word' id='word_1_85' title='bbox 3233 2109 3300 2182; x_wconf 90' lang='lat' dir='ltr'>p.</span> <span class='ocrx_word' id='word_1_86' title='bbox 3347 2088 3488 2159; x_wconf 87' lang='grc'>148</span> <span class='ocrx_word' id='word_1_87' title='bbox 3519 2086 3662 2159; x_wconf 86' lang='lat' dir='ltr'>tab.</span> <span class='ocrx_word' id='word_1_88' title='bbox 3695 2089 3762 2158; x_wconf 87' lang='lat'>5.</span> 
     </span>
     <span class='ocr_line' id='line_1_12' title="bbox 1487 2202 2104 2301; baseline 0.003 -26"><span class='ocrx_word' id='word_1_89' title='bbox 1487 2202 1573 2276; x_wconf 88' lang='lat' dir='ltr'>F.</span> <span class='ocrx_word' id='word_1_90' title='bbox 1632 2209 1802 2299; x_wconf 90' lang='lat' dir='ltr'>(non</span> <span class='ocrx_word' id='word_1_91' title='bbox 1861 2205 2104 2301; x_wconf 85' lang='lat' dir='ltr'>bona).</span> 
     </span>
     <span class='ocr_line' id='line_1_13' title="bbox 1107 2319 3762 2414; baseline -0 -20"><span class='ocrx_word' id='word_1_92' title='bbox 1107 2366 1203 2378; x_wconf 89' lang='lat'><strong>—</strong></span> <span class='ocrx_word' id='word_1_93' title='bbox 1492 2322 2028 2397; x_wconf 82' lang='lat' dir='ltr'>foeniculaceus</span> <span class='ocrx_word' id='word_1_94' title='bbox 2081 2350 2225 2396; x_wconf 84' lang='lat' dir='ltr'>var.</span> <span class='ocrx_word' id='word_1_95' title='bbox 2280 2322 2844 2398; x_wconf 81' lang='lat' dir='ltr'>subarticulatus</span> <span class='ocrx_word' id='word_1_96' title='bbox 2899 2321 3201 2396; x_wconf 89' lang='lat' dir='ltr'>Aresch.</span> <span class='ocrx_word' id='word_1_97' title='bbox 3246 2319 3419 2414; x_wconf 87' lang='lat' dir='ltr'>Alg.</span> <span class='ocrx_word' id='word_1_98' title='bbox 3464 2342 3562 2395; x_wconf 88' lang='lat' dir='ltr'>sc.</span> <span class='ocrx_word' id='word_1_99' title='bbox 3609 2342 3762 2394; x_wconf 80' lang='lat' dir='ltr'>exs.</span> 
     </span>
     <span class='ocr_line' id='line_1_14' title="bbox 1499 2443 2900 2538; baseline 0.001 -27"><span class='ocrx_word' id='word_1_100' title='bbox 1499 2462 1543 2511; x_wconf 93' lang='lat' dir='ltr'>n</span> <span class='ocrx_word' id='word_1_101' title='bbox 1632 2443 1777 2513; x_wconf 88' lang='lat'>104</span> <span class='ocrx_word' id='word_1_102' title='bbox 1835 2444 2113 2538; x_wconf 82' lang='lat'>(1862)</span> <span class='ocrx_word' id='word_1_103' title='bbox 2170 2449 2241 2515; x_wconf 91' lang='lat' dir='ltr'>et</span> <span class='ocrx_word' id='word_1_104' title='bbox 2291 2465 2361 2515; x_wconf 92' lang='lat' dir='ltr'>n.</span> <span class='ocrx_word' id='word_1_105' title='bbox 2420 2443 2592 2514; x_wconf 85' lang='lat'>318.</span> <span class='ocrx_word' id='word_1_106' title='bbox 2897 2461 2900 2466; x_wconf 85' lang='lat'><em>·</em></span> 
     </span>
     <span class='ocr_line' id='line_1_15' title="bbox 900 2556 3368 2654; baseline 0 -24"><span class='ocrx_word' id='word_1_107' title='bbox 900 2557 1401 2654; x_wconf 89' lang='lat' dir='ltr'>Phloeospora</span> <span class='ocrx_word' id='word_1_108' title='bbox 1453 2557 1976 2632; x_wconf 85' lang='lat' dir='ltr'>subarticulata</span> <span class='ocrx_word' id='word_1_109' title='bbox 2027 2559 2328 2633; x_wconf 88' lang='lat' dir='ltr'>Aresch.</span> <span class='ocrx_word' id='word_1_110' title='bbox 2387 2558 2551 2633; x_wconf 91' lang='lat' dir='ltr'>Bot.</span> <span class='ocrx_word' id='word_1_111' title='bbox 2601 2556 2765 2632; x_wconf 90' lang='lat' dir='ltr'>Not.</span> <span class='ocrx_word' id='word_1_112' title='bbox 2830 2561 3145 2654; x_wconf 84' lang='lat' dir='ltr'>1873·p.</span> <span class='ocrx_word' id='word_1_113' title='bbox 3204 2559 3368 2631; x_wconf 85' lang='lat'>132.</span> 
     </span>
    </p>
   </div>
   <div class='ocr_carea' id='block_1_5' title="bbox 484 2708 3768 4462">
    <p class='ocr_par' dir='ltr' id='par_1_5' title="bbox 484 2708 3764 3399">
     <span class='ocr_line' id='line_1_16' title="bbox 798 2708 3764 2808; baseline 0 -26"><span class='ocrx_word' id='word_1_114' title='bbox 798 2708 982 2784; x_wconf 86' lang='lat' dir='ltr'>Haeo</span> <span class='ocrx_word' id='word_1_115' title='bbox 1048 2710 1376 2806; x_wconf 88' lang='lat' dir='ltr'>vulgaris</span> <span class='ocrx_word' id='word_1_116' title='bbox 1446 2721 1560 2784; x_wconf 92' lang='lat' dir='ltr'>est</span> <span class='ocrx_word' id='word_1_117' title='bbox 1642 2710 1888 2808; x_wconf 82' lang='lat' dir='ltr'>planta</span> <span class='ocrx_word' id='word_1_118' title='bbox 1951 2735 2111 2786; x_wconf 88' lang='lat' dir='ltr'>cum</span> <span class='ocrx_word' id='word_1_119' title='bbox 2185 2712 2257 2785; x_wconf 92' lang='lat' dir='ltr'>in</span> <span class='ocrx_word' id='word_1_120' title='bbox 2328 2710 2510 2786; x_wconf 86' lang='lat' dir='ltr'>mari</span> <span class='ocrx_word' id='word_1_121' title='bbox 2579 2709 2945 2801; x_wconf 82' lang='lat' dir='ltr'>orientali,</span> <span class='ocrx_word' id='word_1_122' title='bbox 3014 2711 3271 2784; x_wconf 91' lang='lat' dir='ltr'>saltem</span> <span class='ocrx_word' id='word_1_123' title='bbox 3339 2710 3433 2785; x_wconf 90' lang='lat' dir='ltr'>ad</span> <span class='ocrx_word' id='word_1_124' title='bbox 3488 2710 3764 2785; x_wconf 79' lang='lat' dir='ltr'>Dalaro</span> 
     </span>
     <span class='ocr_line' id='line_1_17' title="bbox 494 2826 3762 2928; baseline 0 -26"><span class='ocrx_word' id='word_1_125' title='bbox 494 2830 755 2904; x_wconf 88' lang='lat' dir='ltr'>altiore</span> <span class='ocrx_word' id='word_1_126' title='bbox 819 2828 893 2903; x_wconf 92' lang='lat' dir='ltr'>in</span> <span class='ocrx_word' id='word_1_127' title='bbox 960 2827 1182 2902; x_wconf 87' lang='lat' dir='ltr'>fundo</span> <span class='ocrx_word' id='word_1_128' title='bbox 1249 2850 1389 2902; x_wconf 88' lang='lat' dir='ltr'>non</span> <span class='ocrx_word' id='word_1_129' title='bbox 1460 2852 1661 2915; x_wconf 85' lang='lat' dir='ltr'>rara,</span> <span class='ocrx_word' id='word_1_130' title='bbox 1729 2828 2005 2926; x_wconf 90' lang='lat' dir='ltr'>lapillis</span> <span class='ocrx_word' id='word_1_131' title='bbox 2059 2831 2479 2928; x_wconf 89' lang='lat' dir='ltr'>plerumque</span> <span class='ocrx_word' id='word_1_132' title='bbox 2543 2826 2900 2910; x_wconf 88' lang='lat' dir='ltr'>insidens,</span> <span class='ocrx_word' id='word_1_133' title='bbox 2963 2836 3106 2901; x_wconf 92' lang='lat' dir='ltr'>tum</span> <span class='ocrx_word' id='word_1_134' title='bbox 3177 2826 3271 2903; x_wconf 92' lang='lat' dir='ltr'>ad</span> <span class='ocrx_word' id='word_1_135' title='bbox 3333 2830 3574 2904; x_wconf 88' lang='lat' dir='ltr'>littora</span> <span class='ocrx_word' id='word_1_136' title='bbox 3630 2852 3762 2904; x_wconf 90' lang='lat' dir='ltr'>no-</span> 
     </span>
     <span class='ocr_line' id='line_1_18' title="bbox 494 2946 3764 3042; baseline -0.001 -19"><span class='ocrx_word' id='word_1_137' title='bbox 494 2957 647 3023; x_wconf 87' lang='lat' dir='ltr'>stra</span> <span class='ocrx_word' id='word_1_138' title='bbox 724 2947 1206 3022; x_wconf 84' lang='lat' dir='ltr'>occidentalia</span> <span class='ocrx_word' id='word_1_139' title='bbox 1284 2950 1388 3042; x_wconf 93' lang='lat' dir='ltr'>(et</span> <span class='ocrx_word' id='word_1_140' title='bbox 1468 2947 1957 3022; x_wconf 87' lang='lat' dir='ltr'>verisimiliter</span> <span class='ocrx_word' id='word_1_141' title='bbox 2033 2947 2248 3024; x_wconf 93' lang='lat' dir='ltr'>etiam</span> <span class='ocrx_word' id='word_1_142' title='bbox 2333 2947 2426 3022; x_wconf 93' lang='lat' dir='ltr'>ad</span> <span class='ocrx_word' id='word_1_143' title='bbox 2511 2955 2733 3021; x_wconf 82' lang='lat' dir='ltr'>totam</span> <span class='ocrx_word' id='word_1_144' title='bbox 2815 2967 3013 3020; x_wconf 91' lang='lat' dir='ltr'>oram</span> <span class='ocrx_word' id='word_1_145' title='bbox 3087 2946 3552 3042; x_wconf 84' lang='lat' dir='ltr'>Norvegiae)‚</span> <span class='ocrx_word' id='word_1_146' title='bbox 3644 2948 3764 3021; x_wconf 92' lang='lat' dir='ltr'>ubi</span> 
     </span>
     <span class='ocr_line' id='line_1_19' title="bbox 491 3064 3764 3162; baseline 0 -22"><span class='ocrx_word' id='word_1_147' title='bbox 491 3066 936 3161; x_wconf 85' lang='lat' dir='ltr'>frequentior</span> <span class='ocrx_word' id='word_1_148' title='bbox 1004 3076 1118 3140; x_wconf 94' lang='lat' dir='ltr'>est</span> <span class='ocrx_word' id='word_1_149' title='bbox 1174 3073 1246 3139; x_wconf 94' lang='lat' dir='ltr'>et</span> <span class='ocrx_word' id='word_1_150' title='bbox 1309 3064 1532 3138; x_wconf 90' lang='lat' dir='ltr'>multo</span> <span class='ocrx_word' id='word_1_151' title='bbox 1601 3067 1842 3162; x_wconf 91' lang='lat' dir='ltr'>magis</span> <span class='ocrx_word' id='word_1_152' title='bbox 1912 3067 2217 3142; x_wconf 87' lang='lat' dir='ltr'>evoluta.</span> <span class='ocrx_word' id='word_1_153' title='bbox 2325 3066 2407 3141; x_wconf 92' lang='lat' dir='ltr'>In</span> <span class='ocrx_word' id='word_1_154' title='bbox 2475 3065 2801 3139; x_wconf 88' lang='lat' dir='ltr'>Bahusia</span> <span class='ocrx_word' id='word_1_155' title='bbox 2861 3066 3118 3139; x_wconf 91' lang='lat' dir='ltr'>saltem</span> <span class='ocrx_word' id='word_1_156' title='bbox 3173 3066 3247 3140; x_wconf 89' lang='lat' dir='ltr'>in</span> <span class='ocrx_word' id='word_1_157' title='bbox 3301 3065 3764 3141; x_wconf 91' lang='lat' dir='ltr'>interioribus</span> 
     </span>
     <span class='ocr_line' id='line_1_20' title="bbox 495 3181 3762 3282; baseline -0 -23"><span class='ocrx_word' id='word_1_158' title='bbox 495 3186 827 3275; x_wconf 84' lang='lat' dir='ltr'>sinubus,</span> <span class='ocrx_word' id='word_1_159' title='bbox 884 3184 954 3257; x_wconf 90' lang='lat' dir='ltr'>in</span> <span class='ocrx_word' id='word_1_160' title='bbox 1009 3181 1310 3257; x_wconf 87' lang='lat' dir='ltr'>vadosis</span> <span class='ocrx_word' id='word_1_161' title='bbox 1373 3191 1445 3257; x_wconf 89' lang='lat' dir='ltr'>et</span> <span class='ocrx_word' id='word_1_162' title='bbox 1495 3183 1567 3256; x_wconf 90' lang='lat' dir='ltr'>in</span> <span class='ocrx_word' id='word_1_163' title='bbox 1606 3184 1962 3280; x_wconf 86' lang='lat' dir='ltr'>profundo</span> <span class='ocrx_word' id='word_1_164' title='bbox 2031 3183 2322 3259; x_wconf 89' lang='lat' dir='ltr'>minime</span> <span class='ocrx_word' id='word_1_165' title='bbox 2372 3208 2560 3260; x_wconf 88' lang='lat' dir='ltr'>rara.</span> <span class='ocrx_word' id='word_1_166' title='bbox 2653 3182 2790 3256; x_wconf 84' lang='lat' dir='ltr'>Est</span> <span class='ocrx_word' id='word_1_167' title='bbox 2825 3206 3083 3257; x_wconf 86' lang='lat' dir='ltr'>revera</span> <span class='ocrx_word' id='word_1_168' title='bbox 3118 3184 3370 3282; x_wconf 90' lang='lat' dir='ltr'>planta</span> <span class='ocrx_word' id='word_1_169' title='bbox 3403 3184 3762 3278; x_wconf 87' lang='lat' dir='ltr'>vernalis,</span> 
     </span>
     <span class='ocr_line' id='line_1_21' title="bbox 484 3298 3609 3399; baseline 0 -22"><span class='ocrx_word' id='word_1_170' title='bbox 484 3306 642 3399; x_wconf 87' lang='lat' dir='ltr'>jam</span> <span class='ocrx_word' id='word_1_171' title='bbox 695 3302 939 3377; x_wconf 87' lang='lat' dir='ltr'>Martii</span> <span class='ocrx_word' id='word_1_172' title='bbox 990 3310 1064 3376; x_wconf 91' lang='lat' dir='ltr'>et</span> <span class='ocrx_word' id='word_1_173' title='bbox 1114 3301 1395 3397; x_wconf 80' lang='lat' dir='ltr'>Aprilis</span> <span class='ocrx_word' id='word_1_174' title='bbox 1450 3302 1822 3377; x_wconf 89' lang='lat' dir='ltr'>mensibus</span> <span class='ocrx_word' id='word_1_175' title='bbox 1880 3325 2265 3398; x_wconf 81' lang='lat' dir='ltr'>emergens</span> <span class='ocrx_word' id='word_1_176' title='bbox 2320 3311 2393 3376; x_wconf 92' lang='lat' dir='ltr'>et</span> <span class='ocrx_word' id='word_1_177' title='bbox 2442 3324 2676 3398; x_wconf 89' lang='lat' dir='ltr'>usque</span> <span class='ocrx_word' id='word_1_178' title='bbox 2727 3302 2800 3375; x_wconf 90' lang='lat' dir='ltr'>in</span> <span class='ocrx_word' id='word_1_179' title='bbox 2853 3298 3125 3375; x_wconf 81' lang='lat' dir='ltr'>Julium</span> <span class='ocrx_word' id='word_1_180' title='bbox 3184 3302 3609 3397; x_wconf 90' lang='lat' dir='ltr'>persistens.</span> 
     </span>
    </p>

    <p class='ocr_par' dir='ltr' id='par_1_6' title="bbox 495 3418 3768 4462">
     <span class='ocr_line' id='line_1_22' title="bbox 801 3418 3765 3517; baseline -0 -21"><span class='ocrx_word' id='word_1_181' title='bbox 801 3421 965 3496; x_wconf 89' lang='lat' dir='ltr'>Non</span> <span class='ocrx_word' id='word_1_182' title='bbox 1023 3441 1190 3494; x_wconf 91' lang='lat' dir='ltr'>raro</span> <span class='ocrx_word' id='word_1_183' title='bbox 1245 3422 1509 3494; x_wconf 80' lang='lat' dir='ltr'>format</span> <span class='ocrx_word' id='word_1_184' title='bbox 1560 3420 1937 3517; x_wconf 75' lang='lat' dir='ltr'>caespitem</span> <span class='ocrx_word' id='word_1_185' title='bbox 1989 3421 2060 3494; x_wconf 89' lang='lat' dir='ltr'>in</span> <span class='ocrx_word' id='word_1_186' title='bbox 2115 3419 2335 3494; x_wconf 84' lang='lat' dir='ltr'>fundo</span> <span class='ocrx_word' id='word_1_187' title='bbox 2389 3420 2730 3504; x_wconf 85' lang='lat' dir='ltr'>effusum,</span> <span class='ocrx_word' id='word_1_188' title='bbox 2793 3418 2915 3514; x_wconf 91' lang='lat' dir='ltr'>qui</span> <span class='ocrx_word' id='word_1_189' title='bbox 2974 3430 3277 3494; x_wconf 89' lang='lat' dir='ltr'>metrum</span> <span class='ocrx_word' id='word_1_190' title='bbox 3331 3430 3445 3495; x_wconf 91' lang='lat' dir='ltr'>est</span> <span class='ocrx_word' id='word_1_191' title='bbox 3498 3421 3765 3517; x_wconf 90' lang='lat' dir='ltr'>longus</span> 
     </span>
     <span class='ocr_line' id='line_1_23' title="bbox 498 3536 3765 3633; baseline -0.001 -17"><span class='ocrx_word' id='word_1_192' title='bbox 498 3551 571 3616; x_wconf 92' lang='lat' dir='ltr'>et</span> <span class='ocrx_word' id='word_1_193' title='bbox 619 3565 661 3615; x_wconf 87' lang='lat' dir='ltr'><strong>e</strong></span> <span class='ocrx_word' id='word_1_194' title='bbox 716 3540 897 3613; x_wconf 86' lang='lat' dir='ltr'>mari</span> <span class='ocrx_word' id='word_1_195' title='bbox 963 3545 1362 3629; x_wconf 82' lang='lat' dir='ltr'>extractus,</span> <span class='ocrx_word' id='word_1_196' title='bbox 1420 3538 1565 3613; x_wconf 91' lang='lat' dir='ltr'>filis</span> <span class='ocrx_word' id='word_1_197' title='bbox 1618 3538 1999 3623; x_wconf 80' lang='lat' dir='ltr'>contortis,</span> <span class='ocrx_word' id='word_1_198' title='bbox 2053 3560 2283 3633; x_wconf 88' lang='lat' dir='ltr'>usque</span> <span class='ocrx_word' id='word_1_199' title='bbox 2341 3542 2384 3611; x_wconf 88' lang='grc'><strong>6</strong></span> <span class='ocrx_word' id='word_1_200' title='bbox 2438 3561 2552 3613; x_wconf 91' lang='lat' dir='ltr'>cm</span> <span class='ocrx_word' id='word_1_201' title='bbox 2609 3536 2944 3612; x_wconf 85' lang='lat' dir='ltr'>crassitie</span> <span class='ocrx_word' id='word_1_202' title='bbox 2992 3560 3326 3633; x_wconf 73' lang='lat' dir='ltr'>aequans;</span> <span class='ocrx_word' id='word_1_203' title='bbox 3382 3539 3453 3613; x_wconf 91' lang='lat' dir='ltr'>in</span> <span class='ocrx_word' id='word_1_204' title='bbox 3508 3539 3765 3614; x_wconf 86' lang='lat' dir='ltr'>altiore</span> 
     </span>
     <span class='ocr_line' id='line_1_24' title="bbox 495 3654 3768 3752; baseline -0.001 -19"><span class='ocrx_word' id='word_1_205' title='bbox 495 3660 680 3733; x_wconf 89' lang='lat' dir='ltr'>mari</span> <span class='ocrx_word' id='word_1_206' title='bbox 745 3657 1062 3732; x_wconf 89' lang='lat' dir='ltr'>cochleis</span> <span class='ocrx_word' id='word_1_207' title='bbox 1128 3655 1475 3745; x_wconf 78' lang='lat' dir='ltr'>adflatus,</span> <span class='ocrx_word' id='word_1_208' title='bbox 1534 3656 1841 3749; x_wconf 87' lang='lat' dir='ltr'>brevior,</span> <span class='ocrx_word' id='word_1_209' title='bbox 1897 3655 2535 3752; x_wconf 60' lang='lat' dir='ltr'>4÷6-pollicaris.</span> <span class='ocrx_word' id='word_1_210' title='bbox 2611 3654 2864 3731; x_wconf 72' lang='lat' dir='ltr'>Color</span> <span class='ocrx_word' id='word_1_211' title='bbox 2915 3655 3210 3730; x_wconf 90' lang='lat' dir='ltr'>sordide</span> <span class='ocrx_word' id='word_1_212' title='bbox 3260 3655 3669 3732; x_wconf 85' lang='lat' dir='ltr'>flavescens</span> <span class='ocrx_word' id='word_1_213' title='bbox 3725 3660 3768 3731; x_wconf 96' lang='lat' dir='ltr'>l.</span> 
     </span>
     <span class='ocr_line' id='line_1_25' title="bbox 495 3772 3767 3873; baseline -0.001 -20"><span class='ocrx_word' id='word_1_214' title='bbox 495 3781 934 3867; x_wconf 86' lang='lat' dir='ltr'>fuscescens,</span> <span class='ocrx_word' id='word_1_215' title='bbox 979 3797 1121 3871; x_wconf 89' lang='lat' dir='ltr'>quo</span> <span class='ocrx_word' id='word_1_216' title='bbox 1160 3776 1252 3849; x_wconf 84' lang='lat' dir='ltr'>ab</span> <span class='ocrx_word' id='word_1_217' title='bbox 1291 3774 1867 3873; x_wconf 82' lang='lat' dir='ltr'>Dictyosiphone</span> <span class='ocrx_word' id='word_1_218' title='bbox 1904 3773 2395 3850; x_wconf 84' lang='lat' dir='ltr'>foeniculaceo</span> <span class='ocrx_word' id='word_1_219' title='bbox 2421 3796 2928 3870; x_wconf 87' lang='lat' dir='ltr'>nonnunquam</span> <span class='ocrx_word' id='word_1_220' title='bbox 2960 3772 3444 3869; x_wconf 86' lang='lat' dir='ltr'>distinguitur.</span> <span class='ocrx_word' id='word_1_221' title='bbox 3502 3775 3767 3851; x_wconf 86' lang='lat' dir='ltr'>Planta</span> 
     </span>
     <span class='ocr_line' id='line_1_26' title="bbox 498 3892 3766 3990; baseline -0.001 -20"><span class='ocrx_word' id='word_1_222' title='bbox 498 3896 759 3971; x_wconf 84' lang='lat' dir='ltr'>eximie</span> <span class='ocrx_word' id='word_1_223' title='bbox 811 3893 1650 3988; x_wconf 76' lang='lat' dir='ltr'>decomposito-ramosa.</span> <span class='ocrx_word' id='word_1_224' title='bbox 1734 3892 1931 3979; x_wconf 88' lang='lat' dir='ltr'>Fila,</span> <span class='ocrx_word' id='word_1_225' title='bbox 1995 3892 2116 3964; x_wconf 85' lang='lat' dir='ltr'>vix</span> <span class='ocrx_word' id='word_1_226' title='bbox 2153 3892 2317 3988; x_wconf 93' lang='lat' dir='ltr'>plus</span> <span class='ocrx_word' id='word_1_227' title='bbox 2353 3915 2565 3988; x_wconf 90' lang='lat' dir='ltr'>quam</span> <span class='ocrx_word' id='word_1_228' title='bbox 2606 3892 2747 3967; x_wconf 89' lang='lat' dir='ltr'>duo</span> <span class='ocrx_word' id='word_1_229' title='bbox 2777 3916 2918 3965; x_wconf 94' lang='lat' dir='ltr'>mm</span> <span class='ocrx_word' id='word_1_230' title='bbox 2956 3915 3246 3986; x_wconf 87' lang='lat' dir='ltr'>crassa,</span> <span class='ocrx_word' id='word_1_231' title='bbox 3300 3894 3575 3968; x_wconf 85' lang='lat' dir='ltr'>inferne</span> <span class='ocrx_word' id='word_1_232' title='bbox 3602 3892 3766 3990; x_wconf 89' lang='lat' dir='ltr'>plus</span> 
     </span>
     <span class='ocr_line' id='line_1_27' title="bbox 498 4008 3764 4109; baseline -0.001 -21"><span class='ocrx_word' id='word_1_233' title='bbox 498 4016 732 4089; x_wconf 89' lang='lat' dir='ltr'>minus</span> <span class='ocrx_word' id='word_1_234' title='bbox 767 4012 1128 4095; x_wconf 85' lang='lat' dir='ltr'>fistulosa,</span> <span class='ocrx_word' id='word_1_235' title='bbox 1166 4033 1476 4108; x_wconf 89' lang='lat' dir='ltr'>superne</span> <span class='ocrx_word' id='word_1_236' title='bbox 1505 4013 1757 4085; x_wconf 84' lang='lat' dir='ltr'>farcta.</span> <span class='ocrx_word' id='word_1_237' title='bbox 1814 4011 2035 4088; x_wconf 85' lang='lat' dir='ltr'>Strati</span> <span class='ocrx_word' id='word_1_238' title='bbox 2064 4009 2429 4085; x_wconf 88' lang='lat' dir='ltr'>cortioalis</span> <span class='ocrx_word' id='word_1_239' title='bbox 2457 4008 2739 4084; x_wconf 90' lang='lat' dir='ltr'>cellulis</span> <span class='ocrx_word' id='word_1_240' title='bbox 2776 4010 2910 4084; x_wconf 91' lang='lat' dir='ltr'>sub</span> <span class='ocrx_word' id='word_1_241' title='bbox 2949 4011 3426 4109; x_wconf 90' lang='lat' dir='ltr'>microscopio</span> <span class='ocrx_word' id='word_1_242' title='bbox 3455 4012 3764 4107; x_wconf 88' lang='lat' dir='ltr'>subqua-</span> 
     </span>
     <span class='ocr_line' id='line_1_28' title="bbox 498 4127 3768 4225; baseline -0.001 -19"><span class='ocrx_word' id='word_1_243' title='bbox 498 4132 726 4206; x_wconf 87' lang='lat' dir='ltr'>dratis</span> <span class='ocrx_word' id='word_1_244' title='bbox 774 4131 817 4205; x_wconf 92' lang='lat' dir='ltr'>l.</span> <span class='ocrx_word' id='word_1_245' title='bbox 870 4128 1633 4225; x_wconf 87' lang='lat' dir='ltr'>subrectangularibus</span> <span class='ocrx_word' id='word_1_246' title='bbox 1684 4131 1775 4204; x_wconf 90' lang='lat' dir='ltr'>ab</span> <span class='ocrx_word' id='word_1_247' title='bbox 1830 4128 2167 4203; x_wconf 86' lang='lat' dir='ltr'>affinibus</span> <span class='ocrx_word' id='word_1_248' title='bbox 2222 4128 2463 4203; x_wconf 89' lang='lat' dir='ltr'>statim</span> <span class='ocrx_word' id='word_1_249' title='bbox 2511 4127 2980 4224; x_wconf 85' lang='lat' dir='ltr'>dignoscitur.</span> <span class='ocrx_word' id='word_1_250' title='bbox 3036 4127 3342 4204; x_wconf 81' lang='lat' dir='ltr'>Oenulae</span> <span class='ocrx_word' id='word_1_251' title='bbox 3385 4130 3768 4204; x_wconf 85' lang='lat' dir='ltr'>corticalcs</span> 
     </span>
     <span class='ocr_line' id='line_1_29' title="bbox 498 4246 3766 4347; baseline -0.001 -25"><span class='ocrx_word' id='word_1_252' title='bbox 498 4273 630 4347; x_wconf 86' lang='lat' dir='ltr'>per</span> <span class='ocrx_word' id='word_1_253' title='bbox 654 4249 879 4343; x_wconf 91' lang='lat' dir='ltr'>longa</span> <span class='ocrx_word' id='word_1_254' title='bbox 906 4247 1146 4342; x_wconf 88' lang='lat' dir='ltr'>spatia</span> <span class='ocrx_word' id='word_1_255' title='bbox 1173 4247 1773 4322; x_wconf 85' lang='lat' dir='ltr'>transformantur</span> <span class='ocrx_word' id='word_1_256' title='bbox 1802 4248 1874 4321; x_wconf 89' lang='lat' dir='ltr'>in</span> <span class='ocrx_word' id='word_1_257' title='bbox 1905 4247 2209 4321; x_wconf 91' lang='lat' dir='ltr'>cellulas</span> <span class='ocrx_word' id='word_1_258' title='bbox 2243 4246 2993 4343; x_wconf 86' lang='lat' dir='ltr'>pbaeozoosporiferas</span> <span class='ocrx_word' id='word_1_259' title='bbox 3020 4252 3180 4342; x_wconf 89' lang='lat' dir='ltr'>(seu</span> <span class='ocrx_word' id='word_1_260' title='bbox 3197 4249 3766 4345; x_wconf 86' lang='lat' dir='ltr'>zoosporangia)</span> 
     </span>
     <span class='ocr_line' id='line_1_30' title="bbox 499 4364 3766 4462; baseline -0 -22"><span class='ocrx_word' id='word_1_261' title='bbox 499 4368 724 4441; x_wconf 89' lang='lat' dir='ltr'>deuse</span> <span class='ocrx_word' id='word_1_262' title='bbox 775 4366 1083 4461; x_wconf 87' lang='lat' dir='ltr'>stipatas</span> <span class='ocrx_word' id='word_1_263' title='bbox 1130 4375 1201 4438; x_wconf 91' lang='lat' dir='ltr'>et</span> <span class='ocrx_word' id='word_1_264' title='bbox 1250 4366 1913 4440; x_wconf 81' lang='lat' dir='ltr'>mamillaeformiter</span> <span class='ocrx_word' id='word_1_265' title='bbox 1949 4376 2299 4440; x_wconf 80' lang='lat' dir='ltr'>exsertas.</span> <span class='ocrx_word' id='word_1_266' title='bbox 2388 4364 3000 4462; x_wconf 80' lang='lat' dir='ltr'>Pbaeozoosporae</span> <span class='ocrx_word' id='word_1_267' title='bbox 3042 4388 3229 4440; x_wconf 87' lang='lat' dir='ltr'>nunc</span> <span class='ocrx_word' id='word_1_268' title='bbox 3276 4375 3648 4462; x_wconf 84' lang='lat' dir='ltr'>congestae</span> <span class='ocrx_word' id='word_1_269' title='bbox 3694 4367 3766 4439; x_wconf 91' lang='lat' dir='ltr'>in</span> 
     </span>
    </p>
   </div>
   <div class='ocr_carea' id='block_1_6' title="bbox 392 4481 3768 4581">
    <p class='ocr_par' dir='ltr' id='par_1_7' title="bbox 392 4481 3768 4581">
     <span class='ocr_line' id='line_1_31' title="bbox 392 4481 3768 4581; baseline -0.001 -22"><span class='ocrx_word' id='word_1_270' title='bbox 392 4525 397 4526; x_wconf 26' lang='grc' dir='ltr'><em>ν</em></span> <span class='ocrx_word' id='word_1_271' title='bbox 500 4484 905 4580; x_wconf 83' lang='lat' dir='ltr'>globulum,</span> <span class='ocrx_word' id='word_1_272' title='bbox 953 4481 1239 4556; x_wconf 89' lang='lat' dir='ltr'>indusio</span> <span class='ocrx_word' id='word_1_273' title='bbox 1280 4484 1690 4578; x_wconf 86' lang='lat' dir='ltr'>gelatinoso</span> <span class='ocrx_word' id='word_1_274' title='bbox 1744 4483 2298 4568; x_wconf 86' lang='lat' dir='ltr'>circumdatum,</span> <span class='ocrx_word' id='word_1_275' title='bbox 2354 4505 2486 4579; x_wconf 91' lang='lat' dir='ltr'>per</span> <span class='ocrx_word' id='word_1_276' title='bbox 2539 4506 2793 4580; x_wconf 88' lang='lat' dir='ltr'>porum</span> <span class='ocrx_word' id='word_1_277' title='bbox 2844 4484 3200 4581; x_wconf 89' lang='lat' dir='ltr'>apicalem</span> <span class='ocrx_word' id='word_1_278' title='bbox 3251 4485 3768 4581; x_wconf 86' lang='lat' dir='ltr'>zoosporangii</span> 
     </span>
    </p>
   </div>
   <div class='ocr_carea' id='block_1_7' title="bbox 497 4599 3772 5174">
    <p class='ocr_par' dir='ltr' id='par_1_8' title="bbox 497 4599 3772 5174">
     <span class='ocr_line' id='line_1_32' title="bbox 498 4599 3766 4701; baseline 0 -26"><span class='ocrx_word' id='word_1_279' title='bbox 498 4599 965 4675; x_wconf 82' lang='lat' dir='ltr'>extruduntur</span> <span class='ocrx_word' id='word_1_280' title='bbox 1019 4609 1117 4691; x_wconf 91' lang='lat' dir='ltr'>et,</span> <span class='ocrx_word' id='word_1_281' title='bbox 1174 4600 1458 4677; x_wconf 87' lang='lat' dir='ltr'>indusio</span> <span class='ocrx_word' id='word_1_282' title='bbox 1494 4605 1760 4692; x_wconf 85' lang='lat' dir='ltr'>soluto,</span> <span class='ocrx_word' id='word_1_283' title='bbox 1803 4603 2351 4701; x_wconf 79' lang='lat' dir='ltr'>disparguntur3</span> <span class='ocrx_word' id='word_1_284' title='bbox 2408 4624 2596 4676; x_wconf 90' lang='lat' dir='ltr'>nunc</span> <span class='ocrx_word' id='word_1_285' title='bbox 2631 4604 2841 4677; x_wconf 90' lang='lat' dir='ltr'>abest</span> <span class='ocrx_word' id='word_1_286' title='bbox 2891 4603 3251 4679; x_wconf 91' lang='lat' dir='ltr'>indusium</span> <span class='ocrx_word' id='word_1_287' title='bbox 3282 4614 3356 4680; x_wconf 90' lang='lat' dir='ltr'>et</span> <span class='ocrx_word' id='word_1_288' title='bbox 3383 4604 3766 4701; x_wconf 85' lang='lat' dir='ltr'>phaeozoo-</span> 
     </span>
     <span class='ocr_line' id='line_1_33' title="bbox 498 4717 3772 4821; baseline 0 -28"><span class='ocrx_word' id='word_1_289' title='bbox 498 4740 741 4816; x_wconf 85' lang='lat' dir='ltr'>sporae</span> <span class='ocrx_word' id='word_1_290' title='bbox 773 4727 1036 4793; x_wconf 84' lang='lat' dir='ltr'>exeunt</span> <span class='ocrx_word' id='word_1_291' title='bbox 1067 4717 1289 4814; x_wconf 92' lang='lat' dir='ltr'>longo</span> <span class='ocrx_word' id='word_1_292' title='bbox 1343 4722 1654 4816; x_wconf 90' lang='lat' dir='ltr'>agmine.</span> <span class='ocrx_word' id='word_1_293' title='bbox 1737 4721 1920 4798; x_wconf 87' lang='lat' dir='ltr'>Sunt</span> <span class='ocrx_word' id='word_1_294' title='bbox 1972 4730 2240 4808; x_wconf 81' lang='lat' dir='ltr'>ovatae,</span> <span class='ocrx_word' id='word_1_295' title='bbox 2278 4720 2564 4796; x_wconf 90' lang='lat' dir='ltr'>circiter</span> <span class='ocrx_word' id='word_1_296' title='bbox 2612 4720 3209 4817; x_wconf 67' lang='lat' dir='ltr'>lomcrmlongae</span> <span class='ocrx_word' id='word_1_297' title='bbox 3245 4730 3318 4796; x_wconf 93' lang='lat' dir='ltr'>et</span> <span class='ocrx_word' id='word_1_298' title='bbox 3353 4723 3494 4821; x_wconf 64' lang='lat'>6¹),</span> <span class='ocrx_word' id='word_1_299' title='bbox 3538 4732 3772 4794; x_wconf 77' lang='lat' dir='ltr'>mcr¹¹¹¹¹¹</span> 
     </span>
     <span class='ocr_line' id='line_1_34' title="bbox 497 4836 3768 4937; baseline 0.001 -27"><span class='ocrx_word' id='word_1_300' title='bbox 497 4837 700 4930; x_wconf 76' lang='lat' dir='ltr'>latae3</span> <span class='ocrx_word' id='word_1_301' title='bbox 766 4836 1143 4930; x_wconf 88' lang='lat' dir='ltr'>granulum</span> <span class='ocrx_word' id='word_1_302' title='bbox 1211 4839 1739 4915; x_wconf 86' lang='lat' dir='ltr'>fusco-rubrum</span> <span class='ocrx_word' id='word_1_303' title='bbox 1807 4840 2106 4915; x_wconf 87' lang='lat' dir='ltr'>laterale</span> <span class='ocrx_word' id='word_1_304' title='bbox 2184 4841 2256 4915; x_wconf 89' lang='lat' dir='ltr'>in</span> <span class='ocrx_word' id='word_1_305' title='bbox 2322 4839 2564 4913; x_wconf 90' lang='lat' dir='ltr'>media</span> <span class='ocrx_word' id='word_1_306' title='bbox 2614 4839 3220 4937; x_wconf 79' lang='lat' dir='ltr'>phaeozoospora3</span> <span class='ocrx_word' id='word_1_307' title='bbox 3288 4840 3531 4914; x_wconf 90' lang='lat' dir='ltr'>cilium</span> <span class='ocrx_word' id='word_1_308' title='bbox 3586 4839 3768 4914; x_wconf 90' lang='lat' dir='ltr'>anti-</span> 
     </span>
     <span class='ocr_line' id='line_1_35' title="bbox 497 4955 3771 5055; baseline -0 -25"><span class='ocrx_word' id='word_1_309' title='bbox 497 4979 658 5031; x_wconf 89' lang='lat' dir='ltr'>cum</span> <span class='ocrx_word' id='word_1_310' title='bbox 709 4955 1001 5050; x_wconf 85' lang='lat' dir='ltr'>longius</span> <span class='ocrx_word' id='word_1_311' title='bbox 1056 4965 1129 5027; x_wconf 92' lang='lat' dir='ltr'>et</span> <span class='ocrx_word' id='word_1_312' title='bbox 1179 4956 1394 5030; x_wconf 86' lang='lat' dir='ltr'>facile</span> <span class='ocrx_word' id='word_1_313' title='bbox 1449 4958 1765 5048; x_wconf 91' lang='lat' dir='ltr'>visibile,</span> <span class='ocrx_word' id='word_1_314' title='bbox 1818 4960 2166 5055; x_wconf 87' lang='lat' dir='ltr'>posticum</span> <span class='ocrx_word' id='word_1_315' title='bbox 2205 4958 2497 5034; x_wconf 81' lang='lat' dir='ltr'>brevius</span> <span class='ocrx_word' id='word_1_316' title='bbox 2534 4957 2910 5051; x_wconf 83' lang='lat' dir='ltr'>rariusque</span> <span class='ocrx_word' id='word_1_317' title='bbox 2946 4957 3249 5032; x_wconf 81' lang='lat' dir='ltr'>visibile.</span> <span class='ocrx_word' id='word_1_318' title='bbox 3330 4955 3429 5031; x_wconf 86' lang='lat' dir='ltr'>Se</span> <span class='ocrx_word' id='word_1_319' title='bbox 3482 4978 3771 5032; x_wconf 84' lang='lat' dir='ltr'>movere</span> 
     </span>
     <span class='ocr_line' id='line_1_36' title="bbox 498 5072 3771 5174; baseline -0.001 -26"><span class='ocrx_word' id='word_1_320' title='bbox 498 5097 659 5148; x_wconf 87' lang='lat' dir='ltr'>cum</span> <span class='ocrx_word' id='word_1_321' title='bbox 699 5072 1052 5156; x_wconf 81' lang='lat' dir='ltr'>desinunt.</span> <span class='ocrx_word' id='word_1_322' title='bbox 1087 5073 1160 5147; x_wconf 90' lang='lat' dir='ltr'>iu</span> <span class='ocrx_word' id='word_1_323' title='bbox 1196 5098 1503 5150; x_wconf 89' lang='lat' dir='ltr'>acervos</span> <span class='ocrx_word' id='word_1_324' title='bbox 1542 5077 1610 5150; x_wconf 90' lang='lat' dir='ltr'>in</span> <span class='ocrx_word' id='word_1_325' title='bbox 1642 5075 1862 5150; x_wconf 83' lang='lat' dir='ltr'>fundo</span> <span class='ocrx_word' id='word_1_326' title='bbox 1892 5079 2092 5152; x_wconf 87' lang='lat' dir='ltr'>vasis</span> <span class='ocrx_word' id='word_1_327' title='bbox 2130 5076 2583 5174; x_wconf 87' lang='lat' dir='ltr'>colliguntur,</span> <span class='ocrx_word' id='word_1_328' title='bbox 2623 5073 2753 5148; x_wconf 89' lang='lat' dir='ltr'>sed</span> <span class='ocrx_word' id='word_1_329' title='bbox 2795 5096 2925 5149; x_wconf 91' lang='lat' dir='ltr'>eas</span> <span class='ocrx_word' id='word_1_330' title='bbox 2963 5076 3374 5170; x_wconf 88' lang='lat' dir='ltr'>germinare</span> <span class='ocrx_word' id='word_1_331' title='bbox 3413 5096 3552 5149; x_wconf 92' lang='lat' dir='ltr'>non</span> <span class='ocrx_word' id='word_1_332' title='bbox 3591 5074 3771 5148; x_wconf 81' lang='lat' dir='ltr'>vidi-</span> 
     </span>
    </p>
   </div>
   <div class='ocr_carea' id='block_1_8' title="bbox 501 5190 3572 5398">
    <p class='ocr_par' dir='ltr' id='par_1_9' title="bbox 501 5190 3572 5398">
     <span class='ocr_line' id='line_1_37' title="bbox 501 5190 2173 5290; baseline 0.004 -25"><span class='ocrx_word' id='word_1_333' title='bbox 501 5214 690 5275; x_wconf 89' lang='lat' dir='ltr'>mus,</span> <span class='ocrx_word' id='word_1_334' title='bbox 744 5190 838 5264; x_wconf 86' lang='lat' dir='ltr'>ab</span> <span class='ocrx_word' id='word_1_335' title='bbox 876 5190 1330 5267; x_wconf 88' lang='lat' dir='ltr'>animalculis</span> <span class='ocrx_word' id='word_1_336' title='bbox 1384 5192 1693 5290; x_wconf 89' lang='lat' dir='ltr'>denique</span> <span class='ocrx_word' id='word_1_337' title='bbox 1748 5194 2173 5271; x_wconf 84' lang='lat' dir='ltr'>destructas.</span> 
     </span>
     <span class='ocr_line' id='line_1_38' title="bbox 694 5324 3572 5398; baseline 0.001 -19"><span class='ocrx_word' id='word_1_338' title='bbox 694 5324 845 5380; x_wconf 81' lang='lat' dir='ltr'>Nova</span> <span class='ocrx_word' id='word_1_339' title='bbox 883 5326 1021 5380; x_wconf 84' lang='lat' dir='ltr'>Acta</span> <span class='ocrx_word' id='word_1_340' title='bbox 1056 5325 1187 5396; x_wconf 85' lang='lat' dir='ltr'>Reg.</span> <span class='ocrx_word' id='word_1_341' title='bbox 1224 5325 1340 5381; x_wconf 85' lang='lat' dir='ltr'>Soc.</span> <span class='ocrx_word' id='word_1_342' title='bbox 1378 5326 1462 5381; x_wconf 89' lang='lat' dir='ltr'>Sc.</span> <span class='ocrx_word' id='word_1_343' title='bbox 1505 5327 1632 5398; x_wconf 86' lang='lat' dir='ltr'>Ups.</span> <span class='ocrx_word' id='word_1_344' title='bbox 1670 5330 1780 5384; x_wconf 87' lang='lat' dir='ltr'>Ser.</span> <span class='ocrx_word' id='word_1_345' title='bbox 1819 5328 1916 5383; x_wconf 90' lang='lat'>111.</span> <span class='ocrx_word' id='word_1_346' title='bbox 3537 5329 3572 5382; x_wconf 83' lang='lat'>4</span> 
     </span>
    </p>
   </div>
   <div class='ocr_carea' id='block_1_9' title="bbox 4934 0 4937 1064">
    <p class='ocr_par' dir='ltr' id='par_1_10' title="bbox 4934 0 4937 1064">
     <span class='ocr_line' id='line_1_39' title="bbox 4934 0 4937 1064; baseline 0 0"><span class='ocrx_word' id='word_1_347' title='bbox 4934 0 4937 1064; x_wconf 95' lang='lat' dir='ltr'> </span> 
     </span>
    </p>
   </div>
   <div class='ocr_carea' id='block_1_10' title="bbox 4933 321 4940 1064">
    <p class='ocr_par' dir='ltr' id='par_1_11' title="bbox 4933 321 4940 1064">
     <span class='ocr_line' id='line_1_40' title="bbox 4933 321 4940 1064; baseline 0 0"><span class='ocrx_word' id='word_1_348' title='bbox 4933 321 4940 1064; x_wconf 95' lang='lat' dir='ltr'> </span> 
     </span>
    </p>
   </div>
  </div>
 </body>
</html>
