4959 6367
1270 531 1364 601 16
2416 520 2490 596 J.
2541 521 2627 595 Ε.
2672 520 3170 610 Αιιεεοιιοιιῦ,

1168 739 1234 803 1.
1338 725 2052 805 SCYTOSIPHON
2106 726 2580 800 lomentarius
2632 724 2925 822 Lyngb.

1471 898 1771 976 Ohorda
1824 896 2255 973 lomentaria
2308 895 2615 969 Arescln.
2671 894 2844 989 Alg.
2886 917 2990 971 sc.
3032 916 3186 967 exs.
3243 920 3316 968 ιι.
3371 900 3489 969 94.
3521 891 3953 970 —Cborda
4005 896 4449 970 autumnalis

1822 1015 2124 1092 Arescb.
2180 1016 2223 1089 1.
2281 1038 2342 1088 c.
2400 1038 2461 1089 n.
2521 1017 2620 1086 95
2675 1022 2791 1087 est
2842 1014 3078 1086 forma
3129 1012 3592 1087 autumnalis.

1476 1173 1614 1243 Per
1675 1180 1902 1243 totam
1968 1167 2485 1244 Scandinaviae
2538 1189 2737 1241 oram
2795 1165 3323 1240 occidentalem
3377 1188 3607 1261 usque
3660 1167 3734 1240 in
3787 1167 4090 1242 Maasoe
4145 1168 4214 1240 in
4273 1168 4447 1243 Fin-

1168 1287 1481 1376 markia‚
1563 1311 1726 1362 cum
1790 1288 1863 1360 in
1940 1286 2401 1360 interioribus
2461 1293 2612 1359 tum
2679 1286 2753 1358 in
2821 1285 3297 1359 exterioribus
3362 1284 3668 1359 sinubus
3740 1288 3996 1373 maris,
4068 1286 4445 1361 mensibus

1165 1405 1404 1503 Aprili
1456 1414 1529 1479 et
1580 1404 1778 1501 Majo
1832 1404 2463 1499 frequentissimus
2518 1416 2591 1477 et
2645 1403 2914 1498 optime
2964 1400 3449 1489 fructificans,
3489 1403 3648 1498 Jam
3702 1424 3876 1475 vero
3929 1425 4184 1477 mense
4219 1401 4443 1478 Junio

1167 1546 1619 1598 evanescens
1674 1530 1746 1595 et
1799 1521 2080 1618 reliqua
2132 1533 2389 1596 aestate
2442 1524 2566 1597 vix
2619 1524 2760 1597 nisi
2819 1518 3206 1615 sporadice
3261 1527 3334 1592 et
3383 1520 3663 1615 passim
3719 1519 3995 1594 obvius.

1478 1640 1972 1715 Fructificatio
2039 1662 2086 1713 a
2149 1638 2305 1715 Cel.
2369 1640 2652 1714 Thuret
2714 1636 3147 1737 (Recberch.
3213 1661 3280 1733 p.
3343 1640 3436 1711 10
3491 1648 3539 1710 t.
3603 1640 3698 1710 29
3753 1639 3799 1711 f.
3859 1643 4087 1733 1—4)
4143 1639 4442 1740 eximio,

1169 1782 1310 1855 quo
1364 1760 1583 1848 solet,
1640 1757 1853 1831 modo
1908 1755 2275 1853 descripta
2327 1767 2399 1831 et
2452 1756 2771 1855 depicta.
2824 1765 2901 1828 ut
2953 1765 3284 1828 naturam
3337 1755 4039 1855 zoosporangiorum
4096 1757 4438 1833 intactam

1171 1879 1576 1975 relinquere
1615 1877 1999 1973 possimus.
2055 1874 2252 1949 Inter
2288 1876 2829 1972 zoosporangia
2862 1873 3271 1947 invenimus
3308 1873 3737 1970 interposita
3773 1878 4241 1971 corpuscula,
4280 1899 4440 1950 cum

1169 1994 1316 2069 illis
1393 2017 1434 2068 e
1514 1993 1798 2069 cellulis
1875 1993 2421 2089 subjacentibus
2501 1996 2868 2079 exeuntia,
2952 2012 3116 2087 quae
3193 2003 3668 2088 paranemata
3749 1993 4020 2068 habere
4089 1997 4439 2090 cogimur.

1170 2113 1351 2189 Sunt
1402 2135 1494 2187 ex
1549 2113 1757 2209 apice
1809 2109 2192 2185 rotundato
2244 2112 2288 2183 l.
2346 2110 3060 2186 rotundato-clavato
3096 2112 3170 2183 in
3207 2110 3423 2185 basin
3461 2112 3628 2209 plus
3664 2113 3995 2187 minusve
4033 2123 4438 2202 attenuata,

1168 2253 1355 2305 nunc
1408 2228 1963 2304 endochromate
2014 2229 2210 2304 fulvo
2261 2230 2455 2303 intus
2512 2230 2766 2313 tincta,
2821 2253 3010 2305 nnnc
3046 2231 3197 2303 fere
3235 2229 3568 2328 hyalina‚
3625 2231 4189 2327 zoosporaugiis
4229 2232 4440 2308 modo

1170 2348 1618 2443 longitudine
1698 2347 2041 2442 aequalia,
2127 2346 2339 2422 modo
2418 2349 2511 2422 iis
2593 2372 2820 2445 usque
2905 2348 3126 2445 duplo
3207 2347 3542 2443 longiora
3607 2356 3680 2422 et
3750 2349 3967 2445 triplo
4049 2352 4438 2427 crassiora.

1166 2466 1572 2540 Mirandum
1642 2475 1881 2539 tamen
1946 2476 2092 2554 est,
2160 2489 2253 2539 ea
2313 2476 2461 2541 tam
2520 2491 2783 2564 sparsa
2834 2490 3037 2558 esse,
3094 2477 3170 2540 ut
3223 2488 3389 2540 raro
3440 2466 3937 2556 observentur,
3997 2489 4436 2566 quamquam

1167 2584 1629 2658 inveniuntur
1681 2605 1843 2657 cum
1897 2582 1970 2656 in
2026 2584 2309 2656 vernali
2363 2592 2511 2657 tum
2570 2585 2643 2657 iu
2697 2585 3093 2660 autumnali
3149 2584 3424 2682 planta.
3527 2585 3610 2658 Iu
3660 2585 3892 2682 Phyc.
3948 2586 4207 2661 scand.
4265 2612 4439 2664 mar.

1167 2726 1233 2799 p.
1292 2705 1435 2775 144
1486 2700 1647 2775 haec
1712 2713 2188 2798 paranemata
2250 2704 2795 2798 zoosporangia
2848 2728 2894 2778 a
2942 2704 3154 2777 nobis
3209 2711 3378 2776 sunt
3432 2702 3711 2793 habita,
3769 2713 3844 2776 et
3898 2726 4076 2776 vera
4130 2729 4439 2803 zoospo-

1167 2819 1433 2915 rangia
1484 2827 1981 2916 paranemata.
2087 2816 2274 2892 Tab.
2330 2819 2404 2894 II
2456 2821 2583 2916 fig.
2641 2826 2705 2896 1.

2382 3174 2993 3261 PHYLLlrls
3070 3175 3221 3284 Kg.

1480 3378 1747 3452 Planta
1783 3381 2517 3466 submembranacea‚
2560 3381 2908 3458 frondosa
2941 3382 2987 3456 l.
3031 3391 3342 3475 anguste
3381 3380 4228 3477 compresso-filiformis‚
4265 3382 4437 3455 sim·

1168 3497 1356 3595 plex.
1418 3494 1669 3571 Strata
1721 3494 1895 3573 duo:
1947 3500 2268 3572 corticula
2321 3507 2568 3591 tenue,
2625 3523 2667 3575 e
2720 3500 3003 3576 cellulis
3059 3499 3409 3584 minimis,
3463 3498 4433 3595 subrotundato—angulatis3

1170 3618 1531 3688 internum
1586 3635 1628 3685 e
1681 3616 2082 3711 maj0ribus
2121 3617 2435 3714 hyalinis
2474 3628 2979 3693 constructum.
3033 3618 3594 3712 Zoosporangia
3622 3617 4177 3693 multilocularia
4203 3629 4436 3693 trans-

1168 3731 1597 3807 formatione
1660 3733 1869 3806 strati
1935 3735 2298 3808 corticalis
2371 3745 2653 3826 exorta,
2721 3735 3081 3811 divisione
3131 3733 3641 3829 longitudinali
3697 3734 4206 3833 multiplicata,
4264 3738 4436 3811 arti·

1173 3850 1451 3940 calata,
1528 3849 1602 3922 in
1670 3850 1920 3945 planta
1980 3852 2363 3926 verticalia
2430 3865 2505 3928 et
2567 3853 3006 3930 densissime
3075 3855 3147 3927 in
3218 3854 3545 3927 maculas
3614 3852 4067 3948 irregulares
4139 3856 4432 3952 stipata.

1173 3968 1660 4043 Paranemata
1710 3968 1931 4043 nulla.

1180 4278 1242 4345 1.
1345 4269 1895 4349 PHYLLITIS
1947 4273 2223 4349 Fascia
2276 4275 2501 4374 (Flor.
2556 4275 2804 4373 Dan.).

1479 4440 1902 4516 Laminaria
1953 4440 2226 4517 Fascia
2276 4443 2420 4539 Ag.
2474 4455 2550 4518 et
2599 4443 2668 4522 J.
2723 4447 2866 4540 Ag.

1478 4557 1637 4631 Ilea
1686 4559 1960 4633 Fascia
2021 4561 2142 4634 Fr.
2197 4561 2392 4635 Flor.
2449 4585 2648 4637 scau.
2705 4563 3011 4638 Aresch.
3070 4563 3294 4662 Phyc.
3352 4561 3599 4638 scand.
3657 4586 3829 4637 mar.
3886 4563 4061 4658 Alg.
4117 4587 4200 4639 sc
4277 4589 4429 4639 exs.

2084 4702 2154 4752 u.
2214 4683 2331 4754 96.

1475 4830 1558 4905 In
1624 4830 1794 4925 Alg.
1862 4854 1963 4906 sc.
2033 4855 2185 4905 exs.
2251 4855 2318 4906 n.
2390 4837 2485 4907 96
2554 4844 2703 4907 tres
2767 4832 3265 4907 distribuimus
3331 4833 3643 4921 formas,
3710 4853 4010 4926 quarum
4079 4833 4312 4929 prima
4364 4845 4436 4908 et

1168 4947 1522 5036 secunda,
1606 4957 1906 5045 utraque
1962 4949 2360 5044 angustior,
2447 4950 2539 5023 ad
2605 4960 2859 5025 nostra
2906 4951 3152 5025 littora
3205 4949 3552 5043 vulgares
3604 4959 3772 5023 sunt
3821 4950 4155 5045 beneque
4209 4960 4434 5046 notae3

1168 5065 1385 5140 tertia
1436 5087 1609 5140 vero
1662 5068 1923 5152 forma,
1977 5090 2142 5164 quse
2191 5067 2555 5142 latissima
2586 5079 2732 5156 est,
2790 5068 2887 5142 ad
2931 5066 3425 5143 Laminariam
3477 5066 3820 5141 Fasciam
3874 5065 4106 5140 Harv.
4161 5076 4233 5141 et
4283 5069 4432 5143 Au·

1171 5179 1454 5275 glorum
1510 5192 1705 5255 certe
1758 5185 2089 5280 pertinet.
2169 5185 2252 5259 In
2290 5185 2429 5258 hac
2464 5185 3089 5261 fructificationem
3128 5183 3458 5259 vidimus.
3523 5183 4199 5260 Transformatione
4227 5186 4437 5260 strati

4669 6323 4742 6359 1¹:-
4781 6355 4804 6358 -
